2604 4620
157 238 200 299 ro
235 192 242 201 ’
523 228 772 295 ruauours

158 409 447 499 ὑπεραποθαντῖν,
472 403 558 473 ἀλλὰ
585 407 640 473 καλ
665 407 903 472 ἐπαποθανεῖν
914 400 1181 486 τετελευτηκότι,

158 511 248 579 ὅθεν
284 508 324 592 δὴ
359 512 415 576 καὶ
447 505 739 593 ὑποραγασθέντες
773 512 806 573 οὶ
830 508 912 573 θοοὶ
944 504 1183 598 διαφερόντως

34 667 41 687 J
160 609 267 679 αὐτὸν
292 616 465 697 ἐτίμησαν,
491 605 545 676 ὅτι
570 605 631 675 τὸν
657 602 801 695 ἐραστὴν
824 602 911 673 οὕτω
938 609 1030 692 περὶ,
1048 608 1182 675 πολλοῦ

161 723 315 797 ἐποιεῖτο.
367 709 535 796 Αἰσχύλος
559 713 594 777 δὲ
611 713 753 800 pinapel
770 705 909 798 φάσκων
929 704 1091 793 Ἀχιλλέα
1108 711 1184 774 Πα-

161 799 301 900 τρονλον
327 815 425 900 ἐρᾶν,
462 807 499 889 ὃς
523 800 566 892 ἦν
589 814 731 876 καλλίων
757 807 798 876 οὐ
823 805 931 894 μόνον
958 808 1183 895 Πατρόκλου,

1 900 57 952 ‘ll'’
162 912 249 981 ἀλλὰ
284 917 340 982 καὶ
376 916 444 980 τῶν
475 908 594 998 ἡρώων
626 907 805 989 ἁπάντων,
847 913 904 976 καὶ
935 912 986 976 tn
1019 908 1184 993 ἀγένειος,

163 1019 275 1083 ἔπειτα
301 1013 459 1098 νεώτερος
484 1010 589 1092 πολύ,
614 1007 659 1090 ὥς
683 1034 786 1104 φησιν
803 1006 960 1097 Ὅμηρος.
995 1007 1097 1078 ἀλλὰ
1120 1009 1184 1100 ydp

163 1120 210 1201 τῷ
237 1112 310 1182 dou
334 1114 478 1200 peditura
503 1116 563 1198 μὲν
583 1110 715 1194 ,ταύτην
740 1109 802 1194 τὴν
817 1107 939 1200 ἀρετὴν
966 1115 1000 1178 οἱ
1029 1116 1120 1181 θεοὶ
1141 1140 1184 1182 τν-

108 1227 133 1284 Β
163 1221 247 1303 puin
279 1212 343 1296 τὴν
375 1218 449 1300 περὶ
482 1211 541 1280 τὸν
573 1217 697 1300 ἔρωτα,
730 1216 860 1299 μᾶλλον
887 1219 1001 1299 μέντοι
1040 1212 1184 1301 θαυμά-

165 1321 257 1400 ζουσι
280 1319 336 1383 καὶ
361 1310 510 1400 ἄγανται
543 1319 600 1381 καὶ
625 1303 660 1381 εὖ
688 1317 858 1392 ποιοῦσιν,
898 1311 984 1381 ὅταν
1011 1308 1033 1382 ὁ
1062 1314 1185 1402 ἐρώμε-

164 1443 223 1496 νος
248 1413 307 1485 τὸν
332 1412 476 1504 ἐραστὴν
499 1413 619 1502 ἀγαπᾷ
637 1411 656 1498 ἢ
674 1411 758 1483 ὅταν
775 1411 793 1483 ὁ
812 1410 949 1507 ἐραστὴς
964 1408 1008 1482 τὰ
1026 1412 1184 1486 παιδικά.

233 1682 265 1733 Ρ.
291 1680 348 1735 180.
391 1678 469 1730 ἀλλὰ
499 1681 639 1731 καὶτῶν
663 1677 772 1748 ἡρώων
794 1679 958 1746 ἁπάντων]
982 1681 1017 1732 V·
1042 1681 1106 1733 ἀλλ’
1130 1682 1181 1751 dpu

166 1753 211 1802 καὶ
229 1772 263 1814 τ.,
281 1750 350 1816 quod
369 1766 383 1801 e
402 1750 478 1801 Bodl.
500 1750 557 1801 Vat.
578 1748 610 1801 A.
628 1750 693 1802 Vsu.
710 1753 738 1802 Ξ.
758 1751 832 1802 Vind.
850 1749 875 1803 2.
894 1752 956 1804 Par.
976 1751 1044 1806 ult.
1064 1755 1130 1818 Aug.
1152 1770 1180 1804 ιτ.

168 1822 224 1872 Vnt.
244 1837 268 1887 p.
286 1826 424 1871 mutatum.
460 1819 526 1870 Cod.
548 1820 661 1871 Darmst.
682 1820 787 1884 creua,
812 1821 883 1872 cuius
903 1825 1030 1886 excerpts
1049 1819 1090 1873 bic
1110 1821 1179 1874 desi-

168 1897 246 1952 nunt,
266 1888 331 1940 aoid
350 1895 410 1955 post
426 1886 546 1954 νεώτερος
565 1904 616 1939 orn.

237 1958 268 2009 B.
304 1955 394 2009 Οὕτω
413 1955 449 2020 δὴ
468 1958 566 2023 lyuys
584 1959 632 2023 φ.]
652 1957 696 2007 Sic
714 1952 790 2006 codd.
807 1955 862 2007 iere
880 1970 972 2007 omnes
992 1962 1099 2025 praetor
1112 1956 1171 2009 Por.

167 2027 226 2079 EF.
245 2036 311 2093 Aug.
330 2041 355 2076 u.
375 2020 433 2077 Vnt.
450 2041 472 2077 s.
506 2025 657 2092 Legebatur
675 2023 744 2076 adro
763 2022 794 2088 di]
815 2025 858 2074 καλ
875 2027 951 2092 lyoye
969 2043 1000 2092 φ.

203 2198 234 2248 Ρ.
253 2196 310 2250 180.
334 2191 505 2258 Αἰσχύλος
523 2195 553 2244 dl
570 2195 646 2260 φλν-
697 2194 820 2248 Achillem
839 2196 955 2248 fecerant
967 2194 1175 2249 amatorsuPa-

168 2273 243 2334 αρεῖ
264 2291 298 2305 -
321 2263 360 2324 ὥς
383 2282 478 2330 φησιν
493 2261 645 2331 Ὅμηρος]
697 2266 787 2329 trocli,
810 2265 977 2319 vehementer
995 2263 1176 2332 reprehendat.

170 2336 245 2388 llaec
267 2336 360 2399 verba,
390 2334 423 2387 dc
451 2335 542 2400 quibus
572 2335 647 2386 etiam
697 2335 783 2388 Quum
802 2343 886 2387 sutem
905 2337 964 2399 illa,
989 2350 1070 2402 quan
1088 2340 1178 2401 postue

169 2405 331 2458 Politian.
370 2405 450 2455 Obss.
487 2405 508 2456 l.
544 2402 587 2458 45.
621 2408 648 2453 et
697 2405 786 2469 tragici
819 2407 1010 2470 celebrassent,
1050 2402 1178 2456 sententia

170 2475 274 2526 Bulrle
298 2475 331 2527 ad
356 2475 433 2524 Arist.
458 2473 567 2525 Rbetor.
587 2469 646 2526 91&
697 2476 722 2524 in
748 2475 844 2539 populo
868 2475 916 2525 illis
944 2475 1112 2541 temporibus
1137 2486 1179 2523 ra·

170 2545 347 2610 disputarunt,
383 2544 579 2595 Valckenar.
614 2540 646 2591 ad
697 2557 776 2607 gnare
789 2545 928 2607 coepisset,
944 2543 1123 2595 necessarium
1133 2539 1179 2591 boc

170 2613 258 2678 Eurip.
277 2613 381 2676 Fragm.
401 2611 519 2678 p.13.et
536 2613 568 2664 ad
587 2611 647 2661 Cal·
699 2611 900 2663 additamentum
936 2612 1059 2663 Phaedro
1104 2608 1178 2662 rideri

171 2681 271 2733 linrselr.
293 2682 396 2743 Frapm.
417 2698 440 2746 p.
459 2681 518 2735 218.
537 2683 568 2732 ab
586 2681 649 2731 olie—
699 2679 797 2741 debuit,
816 2696 867 2744 quo
886 2683 1014 2732 insolitam
1035 2681 1071 2731 de
1084 2680 1178 2732 Patru-

171 2767 204 2801 na
234 2766 311 2801 manu
340 2751 490 2813 interposita
519 2750 648 2810 iudicavit,
699 2749 740 2799 clo
760 2739 863 2800 Achillis
888 2757 1005 2801 amatore
1023 2749 1178 2800 sententium

169 2821 245 2884 eique
269 2819 443 2869 assentiuntur
466 2816 605 2869 Wollius
624 2824 650 2868 et
699 2817 864 2868 audientibus
892 2819 1089 2884 comprobaret
1130 2820 1178 2867 no·

169 2889 220 2941 alii.
256 2887 309 2939 Sed
336 2895 517 2938 recte⁸eorum
536 2887 649 2953 patroci-
699 2886 769 2937 cedit
792 2887 876 2951 quod,
899 2887 937 2938 his
959 2888 1047 2939 verbis
1065 2885 1178 2946 omissis,
1207 2880 1213 2901 ¹

168 2960 240 3008 nium
278 2963 450 3024 susceperunt
485 2957 597 3007 Rusti
608 2970 649 3006 us
699 2955 791 3006 deinde
814 2972 863 3005 non
886 2955 951 3006 ἀλλὰ
973 2955 1041 3024 γὰρ,
1067 2957 1117 3007 sed
1138 2952 1179 3004 καλ

169 3027 358 3092 Specirn.Crit.
378 3043 403 3093 p.
426 3025 483 3079 108.
502 3025 650 3091 Heyniua
697 3023 746 3091 γὰρ
778 3024 828 3074 dici
857 3025 953 3076 debuit.
995 3025 1122 3076 Ceterum
1147 3022 1180 3073 de

76 3098 79 3106 '
169 3098 202 3146 ad
221 3095 300 3149 Horn.
313 3098 340 3147 ll.
353 3096 397 3147 Xl.
419 3111 443 3144 v.
456 3096 514 3150 786.
535 3097 649 3146 Astius
698 3109 787 3144 amore
806 3095 912 3146 Achillis
935 3100 961 3145 et
978 3095 1100 3146 Patrocli
1124 3096 1178 3145 lau·

169 3164 201 3216 sd
221 3164 244 3219 h.
263 3167 278 3216 l.
305 3165 448 3217 Boeclrb.
474 3166 513 3216 De
536 3165 649 3215 simul·
699 3161 961 3214 dantFabriciunr
981 3161 1014 3213 ad
1028 3163 1102 3214 Sext
1116 3161 1179 3213 Eur·

169 3239 239 3283 tate
258 3240 306 3284 etc.
327 3250 351 3300 p.
371 3235 409 3286 17.
432 3240 458 3284 et
476 3249 556 3301 nuper
574 3234 649 3293 etism
699 3233 747 3296 pir.
764 3231 888 3296 Pyrrhon.
910 3232 1009 3297 Hypot.
1029 3231 1074 3283 lll.
1092 3230 1132 3284 ul.
1150 3236 1179 3280 et

170 3299 505 3364 Schleiermaclrerus‚
524 3304 566 3368 qui
586 3303 647 3353 olim
697 3300 777 3366 intpp.
801 3301 832 3350 ad
857 3301 963 3351 Lucian.
991 3300 1065 3350 Ετολ.
1086 3299 1111 3364 §-
1132 3296 1176 3352 ol.

170 3385 202 3418 ea
218 3368 445 3422 condemnaverat·
481 3373 567 3424 Quum
579 3371 647 3422 enim
698 3384 729 3419 ac
747 3368 780 3419 de
799 3369 903 3420 Achillis
927 3369 1092 3420 formositate
1107 3367 1179 3419 lind.

169 3435 304 3487 Phaedrus
322 3439 431 3490 Homeri
448 3441 560 3491 maxime
578 3445 649 3490 esset
697 3437 730 3488 ll.
755 3437 814 3493 673.
834 3440 971 3489 Dorvill.
994 3438 1028 3489 ad
1047 3436 1178 3488 Cbarltuu.

170 3505 317 3566 studiosus,
341 3507 367 3557 id
391 3507 460 3571 quod
485 3524 518 3559 ex
542 3508 648 3573 dialogo
698 3522 723 3571 p.
745 3507 784 3560 15.

171 3574 228 3623 eiua
246 3573 348 3624 nornine
374 3576 497 3640 inscripto
514 3579 648 3639 novimus3
734 3575 765 3626 B.
801 3572 1081 3638 τῆςἈλκοίοτιδος
1103 3573 1182 3639 μᾶλ-

171 3641 275 3708 egregie
294 3657 352 3692 eum
368 3643 445 3693 Plato
463 3644 524 3695 iacit
540 3646 577 3695 ita
595 3646 649 3695 dis-
699 3644 772 3707 λον]
812 3644 878 3696 Num
921 3644 1031 3695 Alcestis
1070 3649 1182 3709 propter

170 3717 320 3777 putantem,
349 3717 378 3761 ut
404 3717 502 3777 patrem
527 3728 649 3777 poeseos,
699 3728 829 3776 amorem,
859 3728 910 3778 quo
935 3713 964 3762 in
989 3712 1111 3763 moritum
1134 3712 1182 3764 da-

120 3816 127 3832 .
169 3781 213 3846 qui
244 3781 390 3831 Patroclum
426 3786 486 3830 natu
524 3783 649 3832 maiorem
699 3783 807 3845 grabai,
843 3790 952 3833 mortem
985 3783 1054 3832 ultro
1082 3781 1181 3835 subiltt

170 3851 243 3902 linxit
265 3847 350 3915 (llied.
374 3848 513 3913 X1.7sr.)
537 3849 650 3914 ideoque
700 3850 810 3902 Aclrilles
829 3858 916 3902 autem
931 3857 1037 3916 propter
1054 3865 1181 3914 umorem,

170 3936 230 3971 eum
248 3935 296 3985 pro
314 3918 416 3970 Achillis
435 3925 550 3969 amatore
569 3918 647 3969 lrubu-
699 3934 752 3982 quo
772 3919 907 3969 Patroclus
926 3936 984 3971 eum
1002 3919 1182 3984 amplecteba-

172 3989 225 4039 isss
242 3989 323 4039 videri
342 3988 438 4053 potuit,
457 3987 555 4053 mugnis
568 3989 648 4038 laudi·
700 3994 793 4038 tur-
813 3990 951 4039 eratenim
970 3987 984 4038 ὁ
1003 3985 1141 4055 ἐρώμενος,
1158 4002 1182 4040 s.

172 4056 220 4106 bus
238 4064 320 4123 ornet,
340 4055 494 4126 Aeschylum
505 4065 592 4108 autem
605 4071 648 4107 ce·
699 4056 813 4107 amasius
852 4057 965 4109 Patrocli
999 4072 1032 4109 ex
1066 4050 1188 4109 Phaedri

172 4130 294 4190 terosqus
325 4133 418 4192 poetas
447 4127 574 4193 tragicos,
603 4126 648 4190 qui
699 4126 827 4177 sententia
848 4151 882 4166 -
910 4127 987 4179 morti
1017 4141 1045 4177 sc
1074 4125 1180 4178 obtulst·
