2604 4620
159 302 210 364 ss:
419 322 434 365 .·
506 251 862 375 sunnon-iss.
909 309 929 359 ·.

78 488 139 568 188
161 497 221 552 νος
244 471 498 564 διαπράξασθαι
521 475 608 559 πλὴν
632 482 753 560 τοῦτο,
779 482 981 570 φιλοσοφίας
1004 473 1050 544 τοὶ
1078 485 1198 562 μίγεν.

159 598 221 641 στα
247 575 400 676 ιιαρποῖτ1
439 573 483 645 δίν
508 575 638 661 ὀνείδη·
663 587 692 647 ελ
716 577 782 667 γὰρ
809 575 829 662 ἢ
856 577 1016 666 χρήματα
1038 577 1175 663 βουλό-

157 700 257 762 μενος
281 674 373 762 παροί
400 704 462 748 του
478 683 592 767 λαβεῖν
615 675 634 760 ἢ
659 678 768 767 ἀρχὴν
789 675 889 766 ἄρξαι
914 675 937 759 ἤ
957 677 1021 745 τιν’
1052 675 1171 762 ἄλλην

103 780 107 787 ⁸
158 774 296 861 δύναμιν
320 782 442 846 ,ἐθέλοι
475 794 581 848 ποιεῖν
613 779 729 867 οἷοίπερ
766 787 798 848 ολ
830 783 966 867 ἐρασταὶ
1004 776 1095 870 πρὸς
1121 779 1168 849 τὰ
1208 786 1211 795 ’

158 875 304 956 παιδικά,
329 884 464 959 ἱκετείας
486 908 521 949 τε
541 877 597 949 udi
620 880 849 966 ἀντιβολήσεις
874 889 909 947 ἐν
933 891 1009 957 ταῖς
1034 878 1168 963 δεήσεσι

56 984 69 1029 Τ
157 976 367 1065 ποιούμενοι,
398 986 453 1049 καὶ
479 979 598 1070 ὅρκους
621 982 796 1068 ὀμνύντες,
830 985 886 1048 καὶ
911 981 1081 1067 καιρήσεις
1106 988 1163 1051 ἐπὶ

158 1077 301 1167 θύραις,
332 1084 386 1146 καί
413 1087 586 1159 ἐθέλοντες
612 1086 763 1162 δουλείας
786 1079 953 1151 δουλεύειν
975 1082 1158 1160 οἵας-οὐδ’

155 1176 199 1247 ἂν
224 1183 343 1258 δοῦλος
368 1181 484 1264 οὐδείς,
507 1187 713 1271 ἐμποδίζοιτο
740 1181 785 1251 ολν
809 1182 856 1270 μὴ
882 1179 1041 1270 πράττειν
1069 1181 1164 1253 οὕτω

225 1379 256 1429 Ρ.
277 1377 334 1433 183.
352 1377 552 1443 φιλοσοφίας
572 1378 609 1430 τὰ
628 1383 773 1446 μέγιστα
788 1380 823 1448 ιο]
845 1381 899 1431 Pro
910 1379 1064 1446 φιλοσοφίας
1083 1380 1168 1445 Ριῆὶτ.

160 1448 247 1497 luertus
264 1452 310 1509 τῆς
333 1445 444 1502 ἀτοπίας
458 1446 594 1513 legendum
611 1457 691 1516 putet.
729 1450 873 1501 Cteuzerus
892 1449 981 1501 Annsl.
998 1446 1130 1500 Vindobb.
1144 1452 1161 1502 l.

160 1532 181 1566 e.
196 1514 269 1564 Fesc-
282 1515 425 1570 nli-sffll
447 1531 469 1579 p.
481 1516 536 1569 llll.
558 1519 624 1571 οοοί.
646 1519 779 1584 φλυαρίας.
804 1519 834 1568 c.
852 1516 895 1569 Fr.
913 1517 1054 1569 Hermsnn.
1077 1532 1165 1584 nuper

156 1583 277 1634 audacius
295 1584 327 1636 de
340 1600 387 1635 suo
402 1584 655 1654 εδίδίῑπλὴιφιλίας
673 1605 719 1655 pro
737 1586 802 1650 πλὴν
821 1593 903 1637 τοῦτο
922 1585 1087 1653 φιλοσοφίας.
1106 1587 1162 1640 Sed

160 1671 185 1704 v·
200 1654 317 1717 explicet.

226 1722 343 1773 ἐθέλοι
361 1722 475 1789 ποιεῖν]
495 1722 540 1774 Sic
558 1723 634 1776 nou.
646 1720 744 1776 Vstd.
758 1723 830 1777 Viud.
844 1721 869 1776 2.
889 1722 950 1774 Per·
965 1720 1034 1775 DE.
1045 1720 1162 1790 dnm.

160 1791 309 1856 Lepebutur
326 1792 418 1842 ίθίλει.

227 1849 399 1916 deliniret
417 1859 582 1928 δουλείας]
602 1860 631 1911 V.
650 1855 802 1923 ἐθελοντάς,
819 1854 888 1921 φοοδ
906 1854 1029 1907 abhorret
1046 1871 1062 1907 s
1078 1859 1159 1911 codd.

151 1929 212 1982 fere
228 1931 338 1983 omnium
356 1929 517 1981 testimoniis.
552 1929 580 1980 ln
599 1927 698 1983 νεεδ.
722 1933 778 1991 Aug
800 1943 831 1976 u.
850 1925 966 1982 δουλείας
984 1924 1067 1976 deest

227 1999 256 2049 Β.
292 1997 397 2048 πάντα
415 2001 519 2046 ταῦτα
538 1997 705 2065 ποιοῦντι]
727 1997 785 2047 Hoc
803 1993 1037 2046 dedimuseBodl.
1056 1990 1150 2051 Vnt-A.

153 2134 215 2185 dent
232 2150 264 2184 nc
282 2135 355 2197 velit,
380 2136 506 2186 maximas
523 2135 625 2187 sulernt
676 2136 739 2186 nlius
761 2134 799 2184 vir
826 2131 917 2182 doetus
937 2131 1072 2196 legendum
1086 2147 1154 2198 pro·

154 2202 376 2269 reprehensiones·
676 2204 763 2269 posuit
782 2202 940 2264 φιλαυτίας,
957 2216 1009 2264 quo
1025 2201 1157 2266 siguinus·

189 2271 220 2323 P.
235 2270 292 2325 183.
309 2272 504 2338 φιλοσοφίας
520 2270 559 2323 τοί
577 2274 626 2336 μί·
675 2279 717 2324 tur
734 2284 828 2322 coecus
849 2269 887 2319 sui
911 2284 993 2329 emor,
1013 2270 1175 2333 ‹prooem-¹

153 2357 252 2408 ysara
270 2339 421 2404 ιιιρποῖτ’
441 2340 478 2391 δν
499 2340 625 2407 ὀνείδη]
676 2341 728 2407 φείί
747 2345 883 2391 teneantur
899 2337 942 2402 qui
961 2337 1058 2401 aliquid
1077 2339 1158 2391 nimlo

155 2411 201 2460 Sin
218 2409 251 2460 de
267 2410 380 2475 Repulsi.
399 2410 443 2461 tx.
462 2428 486 2477 p.
506 2412 564 2466 579.
588 2413 624 2461 C:
677 2409 763 2460 studio
787 2413 916 2473 oppetunt.
958 2406 1013 2456 Sed
1038 2408 1159 2461 nimirum

156 2477 541 2537 οείνοῦντοῖςτοιούτοιςνακοῖς
549 2480 624 2530 πλείω
674 2479 733 2544 quid
751 2478 799 2528 sthi
816 2476 894 2541 velint
911 2474 1069 2540 φιλοσοφίας
1087 2474 1158 2528 tnt-

156 2553 299 2612 ιοιρποιῖτιιι
316 2544 389 2609 ἀνήρ,
406 2545 437 2604 ὃς
454 2546 582 2606 δικαιοῖς
600 2551 626 2597 ἐν
675 2549 722 2611 δη,
754 2545 894 2597 clarissime
924 2543 1019 2595 docent
1036 2546 1117 2597 verbs
1135 2563 1161 2613 p.

157 2616 239 2682 ἑαυτῷ
264 2613 461 2681 πολιτευόμενος
483 2644 515 2656 -
533 2616 568 2682 με]
594 2615 627 2676 ὡς
677 2617 734 2671 183.
745 2615 779 2664 Ba
798 2618 846 2663 τῶν
865 2615 910 2678 μὲν
923 2610 1102 2672 ὀνειδιζόντων
1115 2633 1159 2666 trs.

156 2681 257 2747 ἰδιώτης
268 2676 389 2752 καταβιῷ.
406 2685 558 2751 Eodemque
570 2701 626 2736 mo·
677 2685 779 2738 λανείας
806 2683 865 2731 καί·
879 2681 1081 2747 ἀνελευθερίας,
1107 2676 1185 2735 rsir'

159 2752 193 2803 do
218 2752 293 2802 etium
315 2752 459 2802 ἀπολαύειν
484 2754 509 2804 iu
535 2755 628 2805 mulum
678 2749 921 2804 &testiomonium
938 2751 981 2798 καὶ
999 2752 1157 2820 αἰσχυνομέ-

158 2827 257 2887 φοτίεπι
277 2822 366 2873 dieitur
375 2822 472 2873 Criton.
494 2840 516 2889 p.
528 2821 573 2875 tt.
586 2824 628 2885 n,
678 2840 726 2872 νον
735 2840 790 2873 ν.τ.
801 2822 822 2870 λ.
838 2821 928 2884 ltsquo
940 2833 972 2870 ne
984 2819 1085 2870 literuls
1099 2823 1157 2887 qui.

157 2890 200 2940 ubi
218 2906 244 2940 r.
261 2906 318 2941 nnn.
337 2891 390 2942 Sed
408 2893 551 2944 molestiam
572 2907 629 2942 cre-
679 2892 737 2942 dem
748 2893 804 2941 Ιοοο
812 2887 938 2940 movendo
945 2894 985 2939 est
1001 2889 1105 2955 Quippe
1112 2910 1156 2956 φι-

159 2959 211 3010 svit
241 2959 309 3011 istud
339 2960 503 3028 φιλοσοφίας.
541 2963 629 3025 ltsque
680 2962 798 3024 λοσοφίιι.
818 2959 907 3010 latiore
917 2971 996 3008 seusu
1007 2957 1089 3019 diets,
1106 2961 1155 3013 ium

157 3028 327 3080 Beklrerus
346 3029 629 3095 Hommeliusque
678 3030 797 3081 tribuitur
814 3027 845 3076 iis
864 3027 906 3090 qui
924 3025 1099 3079 adulationem
1114 3036 1156 3081 st·

156 3097 218 3148 illud
240 3114 273 3148 ex
295 3101 451 3163 glossemate
474 3107 559 3150 netum
580 3114 629 3166 pu·
678 3114 727 3162 que
739 3097 936 3149 illiberalitutem
950 3096 1156 3163 omninorepro·

157 3171 221 3217 tent.
258 3167 334 3220 Quod
351 3175 437 3219 tamen
463 3176 492 3219 ut
514 3168 627 3232 credam,
679 3165 1155 3228 hendendsmstatuuntntquelsomi·

156 3236 268 3286 nondum
288 3235 379 3309 edduci
398 3238 486 3302 potui,
504 3237 627 3301 siquidem
678 3251 712 3287 ne
732 3237 843 3299 ingenuo
861 3232 992 3296 indiguum
1008 3249 1068 3285 esse
1086 3236 1154 3287 stli-

155 3319 279 3368 quuensm
298 3306 369 3355 vocis
387 3307 459 3370 origo
476 3304 560 3364 suerit,
580 3306 628 3356 mi·
678 3311 783 3355 trentur.
807 3302 1152 3366 ltnqueverbelieebltGer·

156 3373 224 3422 nime
247 3375 406 3437 perspicitur.
442 3374 496 3424 Neo
517 3375 626 3426 nnimum
678 3370 1009 3436 mnnieesioluterpreturi:
1029 3374 1152 3423 tortr-

158 3441 245 3504 explet
261 3439 330 3503 quod
349 3441 482 3506 legendum
496 3442 629 3507 proposuit
679 3441 717 3493 de
736 3456 769 3491 er
787 3440 848 3491 rou
866 3439 986 3492 Seiteu
1010 3439 1071 3491 der
1086 3440 1153 3493 ltil-
1212 3480 1221 3487 .

158 3506 536 3576 (λιεοτετοεφλοορίας.
562 3510 627 3562 Num
679 3510 778 3574 dung
800 3509 851 3559 die
877 3511 1040 3572 grossten
1070 3510 1153 3561 Vor-

157 3574 227 3640 quod
245 3576 280 3625 uit
303 3577 338 3627 itu
362 3593 466 3628 sensum
492 3579 628 3631 verborum
678 3578 780 3629 worse
799 3577 981 3629 sinernten.
1016 3576 1154 3631 Enimvero

158 3644 225 3695 liune
244 3645 380 3694 exsistere:
407 3661 471 3707 „er
494 3661 515 3694 w
528 3651 544 3695 u
558 3663 569 3696 r
585 3646 628 3698 de
678 3648 804 3713 genitivus
822 3644 1012 3696 connectendur
1036 3654 1077 3698 est
1095 3662 1154 3701 eutn

152 3712 226 3765 sicli
245 3712 295 3764 dle
313 3714 467 3778 grossten
483 3713 627 3765 Vorufir·
677 3715 710 3767 τὰ
730 3723 838 3782 μέγιστα
861 3712 962 3776 ὀνείδη,
988 3716 1155 3780 nequidem,

157 3781 190 3835 le
216 3783 308 3833 eines
333 3783 627 3847 ungemissslgten,
678 3791 706 3835 ut
728 3786 813 3835 notive
831 3782 858 3832 vi.
880 3787 906 3830 et
931 3787 1061 3846 potestate
1082 3785 1154 3850 posi-

157 3852 419 3902 ribertriebenen
442 3850 507 3901 und
533 3851 628 3903 nich·
678 3860 720 3905 tus
755 3867 814 3903 esse
846 3849 1015 3903 existimetur.
1068 3854 1153 3906 Prrve

157 3922 245 3988 tigen
265 3919 627 3986 Betrngenszuzielin,“
678 3923 745 3974 enim
762 3922 840 3984 vulgo
861 3933 918 3970 eum
931 3935 1083 3987 suspensum
1093 3937 1153 3977 esse

156 4004 249 4041 vereor
261 3989 389 4055 equidem,
408 4005 440 4040 ne
451 3991 485 4039 itn
500 3990 628 4056 φλυαρίας
677 3995 767 4056 putent
778 4003 810 4039 ex
820 3993 954 4052 amonstro.
980 3991 1101 4045 Ceterum
1113 3994 1152 4043 iu·

157 4061 283 4110 voorbslo
307 4076 337 4111 eu
354 4058 507 4124 significatio
530 4059 627 4110 tribus·
676 4059 715 4110 fre
726 4076 751 4124 p.
768 4056 825 4111 184.
842 4058 880 4109 Dr
899 4059 1029 4116 παίδευσις
1046 4063 1089 4111 ναί
1106 4062 1152 4113 roi·

64 4179 73 4201 x
153 4131 212 4188 tur,
243 4143 321 4192 quun
349 4144 477 4193 uunquam
501 4126 625 4181 labuerit.
677 4131 727 4194 φία
744 4133 786 4179 est
802 4142 869 4195 quse
886 4126 925 4179 hio
942 4130 1087 4195 φιλοσοφία
1104 4145 1152 4183 ru-

156 4195 241 4251 nuto
257 4197 342 4249 nium
359 4198 434 4253 etism
457 4199 543 4264 plsoet
558 4195 628 4265 quod
664 4196 722 4279 ‘dit
756 4196 873 4255 ilerde
896 4213 952 4255 rso·
975 4194 1152 4266 ἀντιβολήσεις
