2604 4620
41 203 88 275 14
399 198 686 280 PRAEFATIO

38 384 189 463 admittit,
209 382 244 446 id
262 392 313 447 est
332 381 521 450 immortale.
540 383 595 450 Ex
619 408 685 488 quo
702 390 845 454 animum
867 389 1075 479 intelligitur·

38 492 112 538 esse
125 464 334 533 immortalem
348 488 454 567 neque
467 490 612 568 unquam
624 473 878 560 mteriturnm').

81 551 191 619 Finita
204 548 265 614 hac
281 546 429 617 Socratrs
447 564 591 620 cranone
608 553 726 639 Cebes,
740 558 820 625 mibi
832 581 925 636 vero,
939 559 1056 644 inquit,

38 639 132 725 plane
146 634 338 719 persuasisti
357 636 501 704 animum
521 662 593 706 ease
611 641 762 712 interitus
781 654 945 745 expertem
959 654 1057 744 atque

37 741 149 787 revera
173 718 319 786 futurum
344 744 415 788 esse
440 746 460 788 a
484 724 529 790 ud
552 725 683 795 inferos.
710 727 779 797 Sed
804 752 831 796 sr
855 751 925 806 voe,
950 728 1056 807 ammi,

36 800 163 904 habetis
184 805 272 889 quod
300 819 414 874 contra
468 811 586 878 ocratis
611 811 864 901 disputationem
887 812 1056 892 moneatis,

36 887 135 954 nohte
149 888 230 958 rllud
243 892 388 961 reticere.
402 892 518 979 Neque
531 896 618 963 enim
632 908 761 986 tempus
774 900 880 987 magis
901 908 1056 998 opportu-

36 994 126 1050 num,
142 997 206 1058 quo
227 976 267 1039 de
286 977 338 1040 his
358 977 456 1041 rebus
475 980 527 1043 vel
545 981 651 1046 dicere
672 985 723 1048 vel
737 986 850 1050 audire
864 983 986 1069 aliquid
999 1006 1056 1048 cu·

38 1056 147 1144 piatis,
169 1078 315 1142 unquam
334 1058 473 1123 redierit
494 1058 580 1124 Tum
600 1085 676 1126 vero
699 1064 871 1144 Simmias,
898 1077 932 1132 at
951 1088 1057 1152 neque

36 1163 110 1230 ego,
134 1141 251 1226 inquit,
276 1140 380 1206 habeo
412 1140 500 1224 quod
512 1141 571 1219 iis,
597 1164 680 1227 quae
694 1145 861 1229 disputata
875 1161 966 1225 sunt,
991 1152 1057 1215 iam

36 1226 161 1314 possim
174 1247 347 1313 opponere.
363 1224 585 1291 Veruntamen
599 1227 708 1292 nescio
723 1228 802 1312 quid
815 1229 894 1292 milri
903 1230 938 1291 in
949 1232 1056 1307 animo

36 1312 159 1378 residet
187 1309 331 1395 scrupuli
358 1319 389 1374 et
416 1308 644 1389 dubitationis,
675 1310 743 1376 sive
769 1311 856 1399 quod
880 1310 942 1388 rei,
972 1332 1055 1398 quae

36 1397 157 1497 agitur,
172 1394 360 1481 magnitudo
374 1415 426 1458 me
440 1392 625 1477 perturbat,
646 1393 713 1461 sive
735 1395 822 1483 quod
843 1395 1055 1460 humanarum

36 1480 157 1567 vlrium·
167 1476 368 1542 imbecillitas
382 1477 510 1552 videtur
524 1477 711 1563 prohibere,
728 1480 899 1569 qqominus
920 1481 963 1545 ad
984 1503 1055 1546 oer-

36 1576 104 1630 tam
127 1563 242 1627 harum
266 1583 375 1626 rerum
400 1561 617 1647 cognitionem
636 1564 878 1714 perveniamus.
903 1563 1005 1632 Recte
1019 1575 1056 1629 tu

34 1648 176 1737 quidem,
190 1645 297 1733 inquit
313 1642 475 1711 Socrates.
489 1645 576 1713 Nam
590 1658 623 1714 et
658 1672 676 1715 e
689 1649 751 1716 hoc
765 1649 980 1715 dubitandum
994 1659 1055 1727 est,

34 1733 122 1798 etde
137 1729 351 1796 sumtionibus
366 1741 399 1796 et
411 1730 591 1818 principiis,
605 1735 692 1800 unde
705 1757 777 1800 mea
792 1735 842 1801 dis
866 1734 968 1800 utatio
979 1756 1057 1819 pro-

33 1817 119 1882 lecta
144 1825 204 1895 est,
230 1815 418 1903 diligentius
443 1818 672 1906 quaerendum.
700 1817 798 1902 Quod
822 1757 880 1884 ubi
904 1818 1056 1896 feceritis,

29 1898 247 1989 pervenietis,
283 1902 413 1991 opinor,
447 1903 490 1969 ad
523 1914 646 1971 tantam
676 1927 767 1992 spem
795 1903 1056 1982 immortalitatis,

34 1997 157 2076 quanta
170 1987 311 2051 maxima
324 1987 446 2052 homini
462 1988 649 2074 contingere
663 1990 834 2076 possit**).

78 2069 220 2134 Animus
244 2070 344 2155 igitur
369 2093 469 2169 quum
492 2071 681 2136 immortalis
702 2074 760 2148 sit,
785 2073 1057 2158 operaepretium

34 2165 102 2234 est,
122 2178 142 2219 o
156 2153 268 2230 amici,
287 2163 325 2217 ut
338 2174 476 2252 qursque
494 2152 530 2217 in
550 2153 611 2219 hac
630 2155 698 2218 vita
713 2155 841 2220 studeat
855 2179 929 2220 eum
943 2168 1057 2240 aptum

15 2239 171 2306 ¹⁴'reddere
188 2236 430 2302 imm0rtahtati.
455 2235 541 2300 Nam
566 2248 795 2322 postmortem
816 2262 874 2303 sua
897 2261 1058 2339 quemque

36 2334 147 2391 manet
161 2346 242 2400 sors,
255 2321 341 2387 laeta
354 2320 409 2385 illa
428 2331 485 2385 aut
503 2321 606 2387 tristis
619 2321 744 2401 futura,
758 2333 857 2409 prout
870 2345 944 2411 qurs
958 2323 1058 2388 ammi

37 2432 149 2476 curam
159 2407 194 2472 in
203 2406 264 2472 hac
275 2405 343 2470 vita
351 2405 500 2554 gesserit.
515 2403 641 2471 Eerunt
651 2406 736 2472 enim
747 2431 767 2474 a
777 2408 933 2474 daemone
944 2430 1057 2496 quem·

38 2517 104 2583 que
123 2515 181 2559 suo
202 2491 237 2556 in
256 2513 329 2556 eum
373 2490 466 2555 educi
486 2489 602 2570 locum,
623 2491 680 2558 ubi
694 2492 736 2558 de
749 2493 886 2558 mortuis
899 2491 1059 2559 habeatur

38 2578 208 2654 iudicium,
222 2575 298 2640 inde
321 2596 364 2640 ue
385 2574 495 2639 audita
512 2573 657 2642 iudicum
677 2577 834 2643 sententia
854 2577 988 2664 perduci
1007 2599 1057 2654 eo,

39 2662 97 2730 ubi
110 2662 173 2750 ipsi
189 2661 241 2726 vel
254 2683 287 2724 m
318 2682 336 2724 e
351 2659 402 2724 vel
422 2658 504 2723 bene
522 2659 667 2725 fauturum
679 2661 730 2727 sit.
749 2660 796 2726 Et
813 2661 907 2726 malis
928 2660 1058 2748 quidem

39 2747 235 2814 manendum
255 2743 301 2810 ibi
316 2765 387 2810 esse
401 2765 460 2829 per
474 2753 596 2808 certum
612 2744 774 2832 quoddam
789 2745 940 2831 temporis
957 2743 1058 2830 spati·

39 2855 106 2912 um,
121 2854 186 2921 quo
201 2839 315 2896 exacto
328 2827 446 2893 reverti
460 2849 517 2892 eos
528 2827 564 2893 in
579 2829 777 2895 domicilium
791 2828 921 2917 aliquod
934 2848 1058 2915 poenae

39 2916 314 2984 accommodatum
322 2937 331 2991 3
347 2934 447 3001 puros
461 2923 569 2983 antem
584 2924 616 2979 et
631 2924 759 2979 sanctos
769 2912 894 2979 animos
903 2913 938 2978 in
947 2912 1058 3000 purio-

38 3024 92 3068 res
106 3023 145 3067 ac
159 2999 363 3066 coelestiores
377 2997 526 3086 regiones
541 2997 643 3077 evehi,
662 2998 719 3063 ubi
734 2998 856 3086 degant
869 2998 969 3064 vitam
983 3019 1059 3063 vere

40 3086 209 3154 coelestem
223 3096 321 3175 atque
335 3083 487 3151 divinam.
502 3081 614 3176 Atque
625 3083 675 3151 his
686 3085 817 3174 quidem
829 3084 924 3150 dictis
935 3082 1060 3149 addidit

40 3168 256 3237 narrationem
275 3171 316 3237 de
337 3183 441 3237 terrae
460 3169 667 3257 regionibus,
694 3181 763 3238 tum
782 3171 823 3237 de
838 3193 877 3236 su
902 3166 1060 3235 erioribus

40 3253 200 3356 inquibus
207 3254 296 3330 iusti,
307 3253 414 3338 probi,
427 3255 531 3318 sancti
542 3255 698 3331 viverent,
710 3265 779 3317 tum
790 3255 850 3318 de‘
889 3253 1059 3325 erioribus,

40 3339 99 3406 ubr
113 3338 169 3428 qui
184 3336 359 3404 sceleribus
381 3357 415 3401 se
434 3335 469 3398 in
483 3334 544 3400 bac
558 3335 626 3400 vita
640 3335 944 3410 commaculassent,
959 3333 1059 3397 male·

40 3425 200 3492 factorum
216 3444 347 3489 suorum
360 3421 486 3486 luerent
499 3419 705 3506 poenasffl).

86 3509 164 3591 Qua
175 3506 362 3573 narratione
377 3504 525 3570 absoluto
534 3503 595 3571 hoc
605 3503 672 3570 fere
682 3501 779 3568 modo
789 3497 932 3586 perrexit
943 3497 1059 3563 dicere.

44 3593 139 3661 Haec
161 3593 263 3682 igitur
287 3613 388 3680 quum
411 3589 458 3654 ita
483 3588 558 3666 sint,
583 3587 721 3667 oamici,
735 3586 797 3653 hoc
810 3582 950 3650 maxime
963 3603 1060 3670 agere
