2604 4620
508 246 556 291 ΑΙ)
579 245 790 293 smeoswrr.
1080 248 1143 293 Lxr

151 398 371 488 Geaprdchs
391 401 454 475 iat,
476 401 542 462 aad
555 421 614 461 aas
635 401 694 461 dea
711 397 857 463 Sokratus
871 399 1013 463 dorrtcllt
1024 401 1060 462 ia
1072 403 1143 464 dem

145 485 399 551 anemaudlicbea
420 483 514 569 Eifer
534 485 591 546 dar
611 482 824 569 Batrachtaap
845 486 911 548 aad
931 486 965 546 ia
987 485 1142 570 uersata-

147 574 240 657 dipen
260 570 483 652 lulittheilunp,
501 570 534 630 ia
556 569 612 630 der
641 566 834 652 Veraclrtuap
855 571 912 633 der
937 564 1058 653 Gefohr
1077 572 1144 633 aad

146 659 181 721 ἐπ
212 657 268 720 der
292 654 484 737 Herrsahaft
513 653 589 716 uber·
621 653 670 715 die
702 662 847 717 &casarea
872 653 992 737 Diope,
1022 655 1057 716 ia
1088 657 1144 717 der
1171 722 1174 735 ,

146 740 292 804 Rcinlreit
314 740 393 803 aller
415 740 514 801 rainer
537 735 774 822 Verbiaduapea
785 739 858 800 'aad
871 739 905 800 ia
920 740 1020 801 sciaer
1032 740 1143 802 lanera

153 821 352 895 Gottlielrlteit
376 833 467 885 tenter
494 824 572 886 dem·
592 822 721 885 leiclroea
740 823 807 885 aad
818 822 997 906 fro'hlt‘cltea
1021 822 1144 897 Seteia,

143 911 224 974 bura
243 911 278 972 in
300 911 356 972 der
376 907 567 971 vollcndetca
591 906 780 990 Tetehta'plceit
801 909 854 970 des
867 906 981 970 Lethes
1002 911 1068 971 aad
1088 910 1146 972 dcr

148 993 237 1058 Secle
261 995 328 1056 aad
356 992 424 1056 also
450 993 504 1057 dea
529 1010 650 1075 ponzen
670 991 833 1055 Letemss’
863 988 955 1055 Haec
974 991 1073 1076 igitur
1092 991 1145 1057 ille

145 1078 187 1142 de
208 1076 318 1141 ultimo
339 1075 444 1175 operis
465 1074 714 1157 consilio‘atque.
729 1075 801 1139 line.
829 1071 865 1138 Si
887 1096 961 1139 vero
983 1076 1146 1158 quaeritur

146 1161 187 1226 de
208 1158 487 1226 declamationibus
512 1159 574 1225 illis
595 1159 755 1224 amatoriis
782 1181 803 1222 a
822 1158 982 1243 prioribus
1003 1161 1144 1244 quinque

145 1244 324 1315 oratoribus
344 1244 503 1321 reoitatia·
524 1254 631 1313 cernet
650 1242 722 1309 illas
740 1243 790 1309 vir
810 1244 960 1329 egregius
982 1246 1023 1307 ad
1043 1244 1142 1328 Lysi·

145 1330 220 1395 dem
238 1329 420 1395 referendas
440 1351 521 1405 esse,
541 1350 638 1412 quem
659 1327 820 1414 dialogum
842 1328 911 1413 ipse
924 1327 1070 1394 Phaedro
1084 1352 1142 1414 ap·

140 1410 377 1500 'pendicistloeo
397 1413 599 1479 subiunctum
613 1412 728 1477 uoluit.
755 1410 838 1477 Nam
859 1434 940 1496 quae
959 1413 994 1477 in
1019 1411 1144 1498 Lyside

112 1528 119 1545 =
145 1508 371 1565 enumerentur
386 1509 427 1563 -et
455 1506 676 1584 coarguantur·
694 1496 901 1562 amicitiarum
918 1521 1064 1578 caussae,
1091 1522 1145 1565 eas

147 1583 192 1647 ait
203 1583 262 1649 bio
276 1605 385 1647 omnes
400 1581 635 1647 commemorari
655 1603 692 1645 ao
706 1581 809 1645 denuo
822 1583 990 1648 recenseri.
1015 1581 1144 1671 Quippe

146 1664 328 1731 Phaedrum
347 1667 392 1730 ita
413 1666 570 1729 dicentem
589 1663 707 1740 induci,
728 1676 765 1728 ut
779 1688 925 1729 caussam
939 1667 1054 1732 amoris
1069 1691 1144 1733 oen-

147 1761 216 1815 seat
238 1750 343 1815 inesse
368 1749 402 1812 in
428 1748 620 1835 appetitione
645 1748 736 1824 boni;
763 1749 956 1814 Pausaniam
982 1751 1027 1814 ita
1048 1751 1146 1819 verba

148 1836 264 1910 iacere,
284 1844 321 1899 ut
341 1833 476 1899 eandem
495 1833 581 1898 illam
603 1844 732 1917 quaerat
750 1833 786 1897 in
807 1833 1028 1911 similitudine3
1057 1835 1143 1920 Ery-

146 1919 325 1985 ximaehum
355 1919 441 1983 illam
471 1940 590 2004 ponere
620 1917 655 1982 in
685 1917 939 2001 dissimilitudine
971 1933 1014 1984 et
1032 1918 1144 1986 babitu

146 2004 320 2082 conhari03
342 2003 477 2087 denique
497 2002 744 2088 Aristophanem
766 2025 855 2067 suam
875 2004 1061 2071 sententiam
1080 2028 1145 2071 non

145 2090 180 2155 in
201 2089 340 2153 medium
354 2088 505 2174 proferre,
527 2088 584 2153 sed
598 2086 715 2152 comice
729 2087 832 2152 ridere
852 2111 916 2165 eos,
939 2089 994 2172 qui
1007 2112 1145 2157 amorem

138 2196 186 2239 eo
206 2173 317 2239 referri
337 2172 550 2250 censuissent,
568 2183 605 2238 ut
618 2171 798 2237 coniunctio
813 2195 884 2237 cum
899 2196 947 2251 eo,
961 2176 1047 2258 quod
1060 2188 1146 2247 esset
1185 2238 1190 2252 ,

147 2258 300 2342 cuiusque
320 2257 493 2344 proprium,
516 2257 702 2323 efficeretur.
723 2256 823 2322 Haec·
835 2255 1145 2345 igitur-Schleier-

138 2344 364 2409 macheras.
388 2341 462 2424 Qui·
473 2364 555 2426 quae
576 2342 697 2407 addidit
718 2352 881 2426 praeterea
900 2345 941 2407 ad
957 2346 1143 2419 sententiam

148 2451 240 2495 suern
253 2430 304 2495 vel
318 2428 530 2494 exornandam
541 2429 592 2493 vel
605 2426 861 2504 confirmandam,
876 2451 923 2505 ea,
939 2452 979 2493 ne
993 2430 1143 2514 prolixior

146 2514 260 2579 evadat
279 2524 389 2579 nostra
408 2512 563 2591 narratio,
592 2511 714 2578 silentio
740 2512 991 2596 praetermisisse
1018 2516 1144 2579 oonsul-

148 2610 214 2665 tum
235 2598 396 2664 daminus.
418 2597 574 2676 Praestat,
596 2598 718 2697 opinor,
733 2598 844 2681 paucis
859 2597 1066 2685 significasse,
1088 2623 1146 2665 our

146 2706 167 2749 a
192 2683 253 2749 viri
279 2684 393 2749 summi
416 2683 570 2748 sententia
590 2683 814 2749 discedendum
841 2705 912 2749 esse
934 2685 1144 2754 statuerimus.

146 2767 275 2833 Etenim
289 2769 438 2853 primum
467 2769 594 2851 quidem
620 2768 659 2833 de
685 2767 845 2833 amatoriis
866 2767 928 2833 illis
949 2769 1145 2842 orationibus

147 2852 238 2917 aliter
259 2854 353 2951 plane
374 2863 468 2935 atque
489 2853 542 2917 ille
564 2852 786 2929 existimamus,
808 2852 888 2999 lm
908 2877 966 2917 nec
988 2876 1060 2917 cum
1074 2854 1144 2937 Ly·

147 2934 216 2999 side
238 2935 363 3020 dralogo
384 2936 449 2999 ullo
468 2937 562 2999 modo
583 2936 751 3001 cohaerere
773 2959 813 3000 no
836 2937 864 3000 is
886 2958 1073 3019 persuasum
1086 2950 1144 3001 est.

147 3015 275 3082 Deinde
296 3016 468 3102 Symposio
488 3030 525 3084 ut
545 3021 752 3085 concedamus
770 3019 889 3103 aliquid
903 3020 1146 3085 necessitudinis

107 3125 110 3131 ·
148 3124 220 3167 cum
241 3101 412 3169 Phaedone
432 3102 637 3180 intercedere,
657 3124 847 3188 quamquam
862 3103 950 3168 hanc
969 3104 1073 3189 ipsam
1087 3127 1143 3171 ne-

136 3185 371 3253 cessitudinem
384 3209 537 3273 perquam
551 3188 698 3273 exiguam
711 3208 780 3252 esse
795 3188 1023 3266 contendimus,
1042 3199 1146 3256 tamen

147 3271 232 3336 idem
251 3271 331 3337 illud
352 3294 416 3337 una
437 3295 510 3339 cum
528 3272 697 3338 Phaedone
716 3271 827 3337 referri
854 3272 896 3337 ad
918 3270 1100 3359 Sophistam
1113 3287 1146 3340 et

149 3354 320 3422 Politioum
338 3356 432 3442 plane
454 3367 502 3422 est
521 3357 715 3423 incredibile.
736 3355 820 3421 Nam
833 3354 960 3422 Politici
982 3370 1013 3423 et
1026 3355 1144 3445 Sopbi-

147 3452 215 3506 stae
228 3453 451 3527 argumentum
472 3465 492 3505 a
505 3439 673 3527 Symposio
687 3452 719 3507 et
732 3441 903 3507 Phaedone
916 3442 1029 3509 mirum
1043 3467 1144 3528 quan-

147 3538 214 3591 tum
242 3526 399 3604 abhorret,
428 3537 463 3591 ut
490 3550 550 3592 nec
575 3527 628 3611 qui
654 3527 700 3593 ibi
731 3526 926 3614 promittitur
957 3551 992 3592 sa
1014 3529 1084 3595 iens
1115 3531 1144 3595 is

139 3611 201 3687 sit,
222 3611 474 3694 quiseeundum
495 3608 899 3677 Schleiermacherum
918 3613 954 3677 in
1001 3614 1144 3679 haedoue

150 3704 182 3759 et
197 3692 274 3778 Sym
320 3696 367 3761 sio.
380 3697 566 3763 informatus
579 3707 638 3774 est,
661 3696 717 3763 sed
730 3697 835 3782 potius
849 3697 1042 3776 dialecticus,
1065 3721 1143 3782 qua-

148 3780 187 3843 lis
207 3780 241 3843 in
288 3781 449 3847 armenide
470 3781 645 3853 exhibetur.
677 3781 824 3867 Denique
845 3804 892 3851 ¹ne
918 3783 996 3847 illud
1017 3783 1143 3866 quidem

149 3860 241 3929 nobis
256 3866 395 3935 ridetur
422 3888 496 3931 vere
524 3867 696 3933 iudicatum
717 3889 803 3946 esse,
830 3882 898 3952 quo
920 3888 984 3932 uno
1001 3866 1144 3937 „maxime

150 3944 500 4017 Schleiermacheri
538 3951 623 4018 ratio-
654 3951 782 4032 nititur,
820 3973 945 4017 omnem
983 3947 1144 4037 Symposii

151 4046 305 4099 suminam
331 4046 554 4119 postremoreo
581 4037 695 4118 redire,
723 4049 760 4103 nt
780 4038 886 4121 imago
907 4045 1001 4119 atque
1024 4036 1144 4123 speeies
