2604 4620
185 251 229 308 ltu
567 245 814 307 Petronis

188 428 259 500 τοῖς
293 415 378 486 οὕτω
413 420 626 501 διακειμένοις
649 414 795 503 μάλιστα
828 414 1001 504 προςήκει,
1053 412 1197 492 Πάντως

189 519 315 601 δήπου,
341 522 414 605 ἔφη.
469 515 601 585 Οὐκοῦν
633 520 689 585 καὶ
714 515 735 599 ἡ
762 517 981 609 σωφροσύνη,
1016 510 1058 595 ἣν
1084 518 1139 581 καὶ
1167 521 1199 580 ot

187 621 304 686 πολλοὶ
328 613 527 701 ὀνομάζουσι
553 614 789 705 σωφροσύνην,
828 616 866 685 τὸ
893 620 965 704 περὶ
994 612 1054 692 τὰς
1079 618 1200 681 ἐπιθο-

187 721 266 801 μίας
290 712 336 803 μὴ
361 720 564 799 ἐπτοῆσθαι,
589 715 664 785 ἀλλ’
696 715 861 809 ὀλιγώρως
882 721 965 804 ἔχειν
981 717 1037 783 καὶ
1051 720 1200 803 κοσμίως,

257 911 289 967 Ι).
324 911 361 960 El
379 911 437 981 γὰρ
455 914 607 981 ἐθέλοις]
628 915 658 965 V.
675 912 819 978 ἐθελήσεις,
837 913 906 978 quod
927 929 941 964 e
960 914 1038 964 Coist.
1059 911 1198 961 Tub.Pur.

191 979 272 1031 CHl.
293 984 360 1042 Aug.
382 980 451 1032 Flor.
470 997 494 1033 a.
514 982 540 1032 b.
560 998 581 1031 c.
601 981 624 1030 d.
645 983 662 1031 i.
683 1000 717 1034 m.
738 989 764 1034 et
783 999 819 1048 pr.
840 984 904 1035 Ven.
919 982 954 1035 ll.
976 988 1109 1032 mutatum.
1144 979 1199 1029 Το-

190 1048 302 1097 ricenses
320 1053 406 1097 tamen
425 1056 562 1098 servarunt
580 1051 717 1114 vulgatum.
737 1066 760 1102 v,
778 1067 834 1102 ann.

190 1232 284 1281 magno
303 1212 399 1265 bonore
413 1212 545 1265 habendos
563 1230 621 1268 esse
640 1232 672 1268 ac
721 1223 823 1282 pterea,
845 1217 914 1281 quod
934 1231 985 1266 una
1002 1215 1123 1279 opinione
1141 1215 1201 1266 niti·

190 1286 322 1350 praeclare
333 1281 366 1332 de
380 1283 508 1332 communi
521 1285 604 1336 salute
616 1301 671 1337 me·
721 1292 764 1336 tur
783 1288 934 1351 longiusque
954 1282 1033 1333 distat
1053 1298 1068 1332 a
1086 1283 1202 1348 pbiloso-

192 1353 242 1403 reri
260 1350 396 1411 iudicavit,
424 1352 466 1414 qui
486 1351 604 1403 civitates
623 1355 672 1404 bo·
721 1354 828 1420 pirorum
849 1354 957 1414 virtute,
976 1365 1043 1414 quae
1060 1367 1076 1400 a
1094 1350 1201 1400 scientia

191 1420 230 1469 nis
261 1418 359 1483 legibus
385 1423 559 1482 temperarent
589 1437 671 1486 eaque
722 1429 748 1473 et
777 1422 922 1486 cognitione
955 1417 1112 1484 (ἐπιστήμῃ)
1139 1433 1202 1483 pro-

191 1488 289 1537 ratione
311 1486 428 1536 lromines
448 1485 480 1536 ad
505 1501 605 1539 morum
624 1489 670 1540 lio-
721 1491 859 1550 ficiscitur,
878 1488 986 1538 subinde
1004 1487 1102 1536 urbane
1121 1487 1201 1536 caril-

191 1559 320 1606 nestatem
340 1560 367 1604 et
390 1553 530 1604 alliciorum
549 1558 672 1608 sanctita·
724 1561 804 1622 latur,
830 1557 917 1608 ridens
940 1555 1060 1606 videlicet
1077 1555 1147 1604 viros
1164 1553 1202 1603 ci-

191 1630 243 1673 tem
264 1622 397 1673 colendam
417 1622 596 1687 perducerent.
633 1626 671 1676 De
721 1628 798 1690 viles,
824 1626 942 1689 aliosque
964 1623 989 1674 id
1014 1637 1096 1687 genus
1119 1621 1202 1672 bomi-

191 1705 241 1753 qna
266 1705 335 1743 rev.
354 1690 443 1756 Symp.
462 1707 486 1755 p.
506 1689 565 1744 209.
588 1695 620 1744 Α.
639 1695 671 1744 Ι).
722 1710 778 1757 nes,
795 1696 839 1744 tali
859 1695 953 1743 uirtute
972 1691 1087 1741 fastuose
1109 1705 1202 1755 super-

192 1758 270 1824 nup.
290 1758 687 1826 vl.p.500.n.v11.p.518.,
722 1763 838 1824 bieutes,
862 1761 938 1811 sicuti
963 1759 992 1808 lit
1017 1759 1088 1811 Men.
1113 1774 1138 1823 p.
1160 1757 1201 1812 nn.

193 1827 224 1877 D.
268 1828 353 1892 Atque
388 1825 451 1878 lianc
487 1828 520 1879 ob
556 1845 672 1882 caussam
724 1831 755 1884 C.
774 1830 807 1881 D.
826 1831 858 1881 n.
874 1829 919 1884 89.
941 1828 970 1881 B.
990 1828 1065 1893 Apol·
1080 1825 1159 1892 p.2t.
1174 1827 1203 1875 C.

193 1897 269 1946 etiam
288 1895 361 1961 ipse,
382 1911 457 1960 quum
476 1897 536 1948 olim
559 1899 675 1950 tinxisset
725 1899 829 1952 Politic.
848 1916 873 1965 p.
890 1897 951 1951 297.
972 1896 1002 1948 B.
1020 1909 1092 1959 sqq,
1117 1900 1203 1944 tamen

193 1981 248 2016 earn
266 1964 459 2028 rempublicam,
479 1966 503 2015 iu
521 1981 571 2030 qua
591 1970 674 2018 nullus
725 1983 758 2017 ne
776 1967 836 2017 illud
855 1966 958 2032 quidem
973 1961 1204 2014 sualaudecarere

193 2032 292 2096 legibus
310 2033 383 2081 lucus
402 2040 473 2082 esset
497 2039 524 2082 et
543 2033 675 2094 perlecto·
726 2035 871 2086 arbitratur.
929 2033 1056 2085 Nimirum
1099 2031 1204 2080 similem

193 2113 249 2148 rum
274 2099 425 2161 sapientium
450 2101 516 2150 ratio
545 2105 675 2164 tamquam

194 2163 275 2226 νόμος
293 2165 409 2230 Ῐμψνχως
436 2167 489 2230 (De
507 2168 575 2231 Rep.
594 2168 637 2222 lV.
650 2186 675 2233 p.

194 2232 254 2285 423.
273 2236 304 2284 Ι).
324 2250 378 2297 sqq.
399 2233 608 2299 perarmatus.
627 2237 675 2301 Α.)

195 2303 271 2352 ιιιιῑοο
290 2304 401 2364 valeret,
420 2307 512 2367 postea
530 2303 674 2357 laciendum

145 2378 150 2385 “
194 2370 293 2434 statuit,
313 2376 341 2420 ut
359 2385 424 2435 opus
447 2370 546 2435 Legum
565 2388 673 2438 compo-

194 2444 284 2501 neret,
320 2439 344 2489 in
373 2454 423 2503 quo
458 2441 572 2504 optimae
604 2442 675 2505 leges

193 2514 407 2573 proponerentur,
425 2523 491 2572 quae
504 2513 591 2558 essent
604 2524 675 2560 men-

193 2577 228 2626 tis
253 2576 413 2639 rationisque
444 2582 577 2640 tamquam
606 2577 675 2627 rica—

194 2646 262 2704 riae,
280 2644 394 2707 ideoque
414 2644 445 2695 ad
465 2644 600 2695 iuvandam
621 2651 674 2694 sta·

194 2712 551 2774 biliaudamquecammunem
562 2714 674 2763 omnium

195 2781 286 2830 civium
312 2781 422 2832 salutem
442 2782 633 2832 saluberrimae.
650 2796 674 2830 v.

193 2847 274 2914 Legg.
300 2848 343 2902 lV.
370 2865 395 2913 p.
420 2848 481 2902 713.
506 2849 538 2899 E.
559 2848 619 2903 715.
644 2848 676 2900 B.

192 2916 251 2969 Xll.
269 2933 293 2981 ρ.
313 2918 373 2970 titi.
407 2918 461 2968 Sed
486 2918 548 2969 baec
574 2918 606 2969 de
624 2917 674 2969 rir-

193 2993 249 3038 tute
267 2987 335 3038 cirili
354 2993 380 3037 ct
394 2988 518 3053 populari.
556 2987 674 3037 Tertium

193 3062 327 3120 praeterea
350 3056 453 3106 virtualis
483 3071 565 3122 genus
597 3055 675 3106 Plato

194 3125 265 3186 quasi
307 3123 442 3175 fortuitum
489 3141 548 3176 esse
585 3125 676 3186 voluit,

195 3192 288 3254 quiippe
317 3193 387 3254 quod
405 3196 582 3243 contineretur
599 3198 675 3242 nalu-

194 3272 237 3305 rae
258 3262 283 3305 et
300 3258 394 3317 ingenii
413 3257 521 3320 qu'adam
541 3259 675 3320 felicitate,

193 3336 259 3383 quae
278 3323 338 3384 quid
359 3338 465 3383 reram,
484 3324 576 3373 bouum
599 3330 676 3386 atque

195 3389 256 3438 utile
276 3395 354 3449 esset,
374 3389 436 3437 mira
449 3388 570 3440 facilitate
591 3395 618 3439 ct
632 3407 677 3440 ce-

193 3455 294 3506 leritate
312 3456 453 3519 reperiret,
477 3456 591 3521 ideoque
610 3456 674 3506 illud

194 3524 282 3573 tribuit
301 3526 361 3584 aaa
390 3525 544 3590 recipiatque.
580 3523 677 3576 Nititur

194 3590 270 3654 igitur
294 3592 354 3642 illud
381 3594 488 3644 niaxime
524 3599 595 3643 recte
621 3593 675 3657 opi·

195 3660 270 3709 naudi
293 3661 453 3725 feliciterque
478 3660 606 3710 divinandi
638 3661 675 3712 sa-

202 3729 313 3791 cullaie,
343 3745 420 3793 quam
451 3727 567 3782 siduitas
591 3737 675 3787 vocat,

194 3797 230 3862 (r.
249 3797 354 3849 Metron.
373 3815 397 3862 p.
413 3796 455 3850 tlt.
471 3799 545 3852 ί).-
559 3796 615 3850 100.
631 3799 677 3865 D.)

195 3866 320 3934 lrabetque
350 3872 479 3917 rectam
514 3866 678 3931 opinio·

193 3949 261 3987 nem
292 3931 382 3998 (δόξαν
406 3932 508 4000 ὀρθήν)
533 3934 630 3984 sociam
652 3941 679 3987 et

727 2117 786 2152 esse
805 2106 857 2152 vrrlt
869 2102 943 2151 lanius
957 2100 1059 2150 virtutis
1078 2099 1204 2149 rationem

725 2175 804 2232 atque
822 2176 908 2219 rectae
925 2168 1061 2232 opinionis.
1097 2167 1205 2232 Opinio·

726 2252 771 2286 nes
790 2237 855 2287 enim
874 2233 979 2302 (δόξεις)
1004 2235 1053 2284 etsi
1072 2233 1104 2283 ad
1122 2235 1204 2284 scien·

725 2305 775 2355 tiae
803 2305 947 2355 firmitatem
980 2306 1007 2352 et
1036 2303 1205 2352 constantiam

725 2379 889 2437 comparatas
907 2370 978 2437 paral
1003 2383 1065 2418 saue
1083 2369 1204 2418 aestima-

725 2441 774 2504 vit,
798 2444 833 2491 ita
856 2447 885 2491 ut
908 2452 959 2489 non
985 2435 1141 2487 dubitaverit
1166 2437 1205 2486 lle

725 2510 793 2574 Rep.
820 2509 861 2562 Vl.
888 2524 913 2573 p.
938 2504 997 2559 506.
1022 2505 1051 2553 C.
1074 2504 1143 2554 Meu.
1162 2502 1204 2556 97.

726 2578 756 2628 C.
776 2578 806 2628 l).
832 2593 876 2627 eas
901 2588 994 2625 coecas
1013 2570 1098 2623 dicere
1121 2577 1147 2621 et
1165 2573 1206 2622 vel

726 2643 961 2710 praestantissimas
984 2654 1072 2690 earum
1091 2640 1205 2704 turpitu-

727 2713 786 2764 dine
802 2712 909 2763 affectas
923 2709 1052 2769 iudicare3
1070 2714 1156 2758 lamen
1174 2708 1205 2756 il-

726 2783 764 2834 las
783 2795 830 2846 per
848 2795 877 2830 se
897 2781 1027 2844 spectatas
1057 2776 1119 2826 item
1137 2775 1206 2825 irrata

726 2849 880 2915 ponderavit
899 2850 980 2907 lance,
998 2842 1207 2909 quandoquidem

724 2918 803 2969 l‘acile
823 2915 949 2968 intellexit
972 2913 1049 2964 sitam
1073 2912 1207 2962 lnrruanam

726 3001 776 3037 non
795 3001 844 3036 una
856 2984 971 3044 scientia,
990 2981 1036 3031 sed
1055 2981 1132 3031 ctiam
1151 2980 1207 3044 opi-

725 3057 802 3106 nione
820 3061 898 3118 alque
916 3050 1009 3117 ingenii
1023 3049 1138 3099 bonitate
1153 3046 1207 3111 regi

726 3130 803 3187 atque
821 3119 957 3188 gubernari
986 3134 1009 3168 v.
1029 3114 1161 3167 Phaedon.
1180 3131 1207 3180 p.

726 3193 770 3246 85.
794 3193 824 3242 C.
850 3190 934 3253 ibique
960 3201 1016 3237 arun.
1053 3186 1143 3246 ltaque
1161 3199 1208 3232 nec

726 3259 828 3308 tertium
853 3256 902 3307 boc
928 3268 1008 3318 genus
1036 3250 1153 3311 virtutis,
1184 3251 1208 3300 in

726 3323 850 3387 singulari
868 3321 978 3386 quadam
999 3324 1070 3369 recte
1088 3317 1207 3381 opinandi

727 3391 850 3440 facultate
868 3390 999 3453 positum,
1021 3400 1069 3449 per
1086 3401 1115 3434 se
1134 3399 1208 3448 sper·

726 3457 839 3508 neudum
858 3456 903 3506 sed
924 3456 949 3506 in
968 3454 1059 3503 divinis
1078 3453 1208 3502 beneficiis

727 3524 914 3577 numerandum
946 3521 1091 3583 'iudicarim
1131 3525 1208 3582 atque

727 3596 805 3645 θείων
824 3593 902 3659 φύσιν
920 3588 1028 3639 subinde
1047 3603 1105 3637 cum
1124 3586 1207 3636 admi-

727 3664 828 3713 ratione
854 3655 1078 3716 commemoravit,
1111 3661 1139 3704 ut
1169 3654 1208 3704 lle

727 3731 795 3796 Rep.
817 3729 847 3781 ll.
868 3745 893 3794 p.
912 3723 971 3781 366.
991 3725 1021 3776 Ο.
1042 3722 1087 3774 vl.
1105 3739 1130 3787 p·
1149 3720 1208 3775 493.

728 3803 760 3850 A.
793 3799 852 3850 coll.
883 3813 908 3862 p.
938 3791 997 3846 492.
1031 3793 1060 3842 Α.
1090 3788 1152 3844 499.
1176 3790 1208 3844 B.

728 3867 812 3932 lregg.
836 3864 847 3916 1
882 3880 908 3929 p.
933 3860 992 3915 642.
1017 3859 1048 3911 C.
1074 3859 1117 3910 ubi
1141 3858 1208 3910 adeo

730 3930 923 3986 Atheniensium
941 3927 1032 3980 laudes
1050 3927 1084 3978 ita
1103 3925 1207 3993 praedi-

193 4004 353 4058 adiutricem.
394 4002 471 4056 Quod
490 4001 606 4068 lquidem
627 4003 679 4054 rir-
729 4007 785 4065 eat,
814 4005 843 4052 ut
871 3997 1009 4063 αὐτοφυῶς
1037 3997 1100 4060 θείᾳ
1127 3997 1208 4062 μοίρᾳ

191 4076 253 4127 lutis
276 4091 356 4141 genus
371 4071 419 4129 etsi
437 4069 601 4139 philosophus
619 4085 680 4135 pro·
729 4068 832 4134 ἀγαθοί
854 4066 970 4119 extitisse
995 4064 1117 4116 dicantur.
1155 4062 1208 4113 Sed
