2604 4620
137 247 190 293 rur
504 210 772 292 raoaaaouaua
793 268 801 289 ι

136 420 221 464 ιιιιιιο
242 418 303 486 ego
325 407 381 463 tuo
401 406 543 483 tempore
563 397 678 475 dicam,
702 402 864 496 tupostea
877 410 967 474 mee}
991 406 1026 463 et
1038 410 1156 468 auctor

15 512 20 536 ι
136 481 195 549 tibi
222 505 302 561 sum,
327 493 364 548 ut
390 483 536 570 spiritum
562 481 756 565 aliquamdiu
780 479 933 547 cohibeas
962 483 1015 549 vel
1037 484 1153 554 fauces

177 588 220 632 ua
240 566 369 655 perluas
384 568 435 633 vel
447 589 540 632 nares
554 565 711 632 titillando
726 575 882 643 sternuas,
902 589 969 651 quo
989 569 1038 634 sin
1099 581 1155 640 tus

60 667 63 674 ·
135 590 336 801 dibiheesset.
372 650 562 718 Orationem
588 661 696 717 autem
724 650 878 716 eiusmodi
907 651 1004 718 habet
1099 658 1150 747 Ιἰ.

135 759 206 802 mac
228 740 317 803 us'.
690 779 692 788 ·

177 820 269 888 Bene
292 737 425 905 {quidem
453 821 531 887 mihi
550 820 693 900 videtur,
723 819 845 904 iuquit,
874 818 1056 899 Pausanias
1083 826 1153 894 duo

110 906 264 972 ,Amoris
285 929 405 993 genera
426 906 559 983 fecisse,
588 906 645 971 sed
672 905 752 970 illud
778 904 813 969 in
834 905 1070 974 eius-oratione
1091 911 1151 977 de-

136 990 251 1069 sidero,
272 992 359 1074 quod
373 991 505 1078 imperio
518 990 648 1055 Amoris
664 989 747 1055 solas
760 999 884 1056 mentes
897 989 1056 1059 humanas
1070 995 1150 1062 sub-

135 1074 220 1141 iecit.
251 1074 334 1142 Eius
355 1099 432 1141 vero
453 1076 502 1142 vis
523 1087 589 1140 tam
609 1074 671 1139 late
692 1085 792 1160 patet,
814 1086 851 1140 ut
871 1097 999 1142 omnem
1021 1089 1055 1144 et
1076 1080 1149 1145 ani-

135 1183 260 1225 morum
281 1170 313 1225 et
333 1183 503 1246 corporum
523 1169 667 1225 naunam
689 1159 928 1245 complectatur.
953 1160 1053 1243 Quod
1074 1165 1148 1248 qui·

135 1245 209 1311 dem
221 1267 322 1329 quum
335 1246 463 1311 aliunde
477 1245 583 1309 multis
597 1244 750 1328 partibus,
763 1255 833 1310 tum
846 1268 889 1310 ex
901 1256 1011 1311 nostra
1023 1249 1150 1316 medica

135 1341 203 1396 arte
225 1330 471 1416 deprehendisse
492 1329 571 1394 mihi
592 1329 711 1395 videor.
745 1328 830 1394 Nam
850 1340 888 1395 ut
907 1330 1006 1395 animi
1027 1332 1148 1421 duplici
1203 1378 1209 1391 ι

136 1438 242 1480 amore
263 1415 441 1495 trahuntur,
463 1413 593 1481 coelesti
616 1424 647 1479 et
667 1415 803 1500 vulgari,
825 1414 872 1479 ita
891 1425 926 1480 et
939 1439 1076 1501 corpora
1088 1441 1145 1485 uo·

136 1510 202 1564 stra
216 1499 260 1564 du
283 1500 336 1566 lici
351 1500 424 1566 volu
448 1510 513 1566 tate
528 1499 698 1577 ducuntur,
719 1501 820 1564 altera
834 1522 924 1579 sana,
947 1500 1047 1578 altera
1060 1526 1147 1569 mor-

136 1583 229 1666 bida:
251 1584 259 1599 ⁶
285 1607 337 1649 am
357 1607 395 1651 eo
489 1595 523 1650 at
542 1599 652 1650 nostra
673 1607 736 1662 ars,
757 1584 840 1650 hanc
861 1585 1004 1672 expellit.
1038 1586 1148 1654 Medi·

135 1668 226 1734 cinae
247 1669 334 1734 enim
352 1669 413 1735 hoc
434 1681 484 1736 est
503 1670 722 1757 propositum·
734 1679 772 1734 ut
791 1691 900 1734 rerum
921 1692 1072 1737 sanarum
1092 1696 1148 1739 cu·

134 1753 278 1841 pidinem
299 1777 337 1820 co
377 1755 425 1819 ori
445 1756 560 1821 inferat
580 1765 614 1820 et
632 1776 685 1820 res
707 1753 881 1820 contrarias
895 1756 930 1820 in
944 1757 1146 1823 concordiam

134 1839 270 1925 redigat,
291 1863 348 1927 rep
361 1841 498 1906 ctionem
512 1850 544 1906 et
558 1838 808 1918 evacuationem,
818 1892 820 1897 .
829 1840 970 1906 calorem
982 1851 1015 1907 et
1026 1841 1144 1928 ¹frigus,

136 1924 312 1990 siccitatem
333 1936 366 1990 et
386 1925 619 1992 humiditatem.
648 1924 741 1990 Idem
762 1935 812 1991 est
830 1925 904 1991 finis
924 1925 1068 2010 idemque
1090 1927 1142 1990 01⁴-

134 2009 242 2074 ficium
263 2010 398 2075 aliarum
418 2012 544 2090 artium,
573 2009 802 2097 gymnasticae,
829 2010 1049 2096 agriculturae,
1069 2031 1142 2073 mu·

137 2093 239 2170 sicae3
268 2095 354 2159 idem
377 2096 542 2182 religionis
568 2106 602 2160 et
627 2094 848 2174 divinationis,
874 2096 993 2180 quibus
1012 2095 1141 2162 deorum

135 2178 361 2262 hominumque
383 2181 561 2245 communio
583 2179 721 2246 efficitur
743 2188 776 2245 et
795 2180 983 2260 continetur,
1010 2180 1143 2246 etinter

137 2272 306 2346 utrumque
325 2287 427 2350 genus
444 2264 547 2330 iustus
566 2288 654 2332 amor
674 2264 861 2330 conciliatur
874 2288 913 2332 ae
929 2265 1147 2348 seruatur**).

177 2346 243 2439 Hic
264 2370 363 2433 quum
383 2350 480 2416 finem
500 2351 639 2428 fecisset,
667 2349 1148 2438 Aristophanesrepositasdi·

137 2433 231 2498 cendi
250 2445 359 2520 partes
380 2435 524 2521 suscipit,
547 2436 638 2502 ciuus
659 2445 726 2500 tota
746 2436 847 2502 oratio
863 2436 992 2503 comica
1004 2448 1055 2502 est
1069 2447 1102 2503 et
1115 2437 1150 2500 in

136 2517 272 2585 ridiculo
295 2521 491 2587 consumitur
514 2520 721 2608 [quamquam
742 2520 772 2586 ei
793 2519 854 2586 hoc
875 2520 925 2587 e'st
937 2522 1151 2620 propositum,

69 2628 76 2655 ¹
136 2604 224 2686 quod
243 2627 320 2671 sane
341 2629 440 2693 grave
463 2617 512 2672 est
534 2617 628 2691 atque
671 2605 779 2671 lenum
793 2605 982 2683 severitatis,
1006 2615 1045 2669 ut
1059 2628 1150 2671 amo-

135 2709 206 2752 rem
234 2688 275 2753 ab
302 2691 410 2756 nativo
438 2691 576 2775 quodam
603 2629 800 2780 indigentiae
821 2692 917 2757 sensu'
935 2691 1151 2775 repetendum

137 2794 207 2837 esse
221 2773 367 2862 statuat}
389 2773 579 2859 Antiquitas
594 2775 689 2855 enim,
710 2776 826 2860 inquit,
841 2774 912 2852 alia,
934 2795 973 2837 aa
986 2796 1073 2838 nune
1088 2783 1147 2852 est,

136 2857 299 2943 hominum
321 2870 389 2925 erat
409 2870 536 2926 natura:
559 2884 633 2926 nam
654 2871 686 2926 et
700 2860 819 2948 singuli
831 2857 971 2935 homines
985 2880 1052 2924 non
1067 2858 1148 2923 slm-

136 2943 212 3030 plex
233 2944 394 3010 habebant
415 2970 542 3033 corpus,
570 2946 628 3012 sed
654 2947 830 3034 geminum,
856 2967 907 3017 ex,
924 2941 1053 3008 duobus
1075 2967 1150 3010 eor-

160 3028 270 3096 oribus
292 3042 484 3111 concretum,
513 3042 546 3098 et
567 3054 663 3097 sexus
686 3042 755 3097 erat
776 3031 903 3116 triplex,
929 3051 1056 3094 marum
1076 3053 1148 3095 mu-

136 3051 315 3200 lierumque
360 3119 447 3184 eneri
469 3118 576 3183 addito
598 3117 691 3182 tertio
719 3117 902 3200 ἀνδρογύνῳ,
931 3137 973 3180 ex
994 3114 1150 3182 ambobus

139 3201 320 3266 commixto.
374 3226 462 3268 orma
475 3204 573 3290 igitur
595 3203 749 3286 cuiusque
770 3200 909 3266 hominis
930 3210 1000 3266 erat
1020 3201 1094 3279 ista,
1116 3208 1151 3263 ιιι

139 3282 264 3349 duobus
287 3289 473 3370 corporibus
496 3288 673 3352 coniunctis
702 3287 796 3351 dorsa
823 3295 916 3351 extra
936 3295 1149 3362 verterentur,

138 3378 238 3430 unum
260 3370 345 3433 esset
366 3383 480 3457 caput,
509 3373 641 3456 eiusque
669 3373 775 3437 vultus
802 3371 907 3435 aversi
933 3370 1017 3448 duo;
1045 3381 1151 3434 motus

95 3483 99 3490 ·
140 3449 222 3529 talis,
243 3462 359 3518 utnon
373 3466 548 3533 currerent,
564 3457 621 3522 sed
635 3467 784 3542 quattuor
796 3455 935 3541 pedibus
949 3454 1149 3536 brachiisque

139 3535 319 3601 volutarent
339 3560 373 3603 se
394 3542 475 3605 mira
496 3541 671 3606 velocitate.
694 3538 762 3606 Sed
783 3563 883 3625 quum
904 3562 963 3626 pro
983 3559 1149 3626 corporum

138 3619 251 3686 robore
265 3645 398 3707 magnos
413 3626 574 3710 elatosque
589 3627 718 3712 spiritus
733 3636 892 3715 gererent,
907 3626 1050 3710 deosque
1062 3625 1151 3711 ipsos

139 3706 400 3794 aggrederentur,
409 3709 556 3796 Iuppiter
566 3711 872 3777 deorumconeilium
883 3720 1047 3789 convocat,
1057 3730 1152 3795 quae·

139 3793 190 3871 rit,
213 3791 291 3878 quid
313 3794 472 3881 agendum
495 3794 546 3876 sit,
569 3805 676 3864 utrum
697 3796 896 3883 exstirpandi
918 3795 983 3863 sint
996 3795 1153 3871 homines,

181 3982 429 4049 *musac-E.
480 4022 484 4033 ,
530 3999 535 4004 '

165 4067 514 4133 *plumea-Assa.
