2604 4620
144 244 209 306 12⁰
276 299 282 305 .
520 242 775 306 eutropis
851 270 854 275 ·

143 425 186 485 εν
205 413 293 508 πάση
319 412 460 500 ἀμαθίᾳ
484 415 750 503 κυλινδουμίνην,
776 421 831 486 καὶ
857 421 1080 506 τοῦείργμοῦ
1106 419 1171 504 τὴν
1199 436 1202 440 “

147 514 324 596 δεινότητα
359 515 561 616 κατιδοῦσα,
595 512 649 584 ὅτι
674 513 720 583 δι’
756 522 941 605 ἐπιθυμίας
978 525 1087 600 ἐστίν,
1121 521 1169 601 ὡς

59 614 125 678 ’83
147 612 192 685 ἀν
215 614 363 701 μάλιστα
391 610 495 693 αὐτὸς
521 611 539 681 ὁ
566 619 734 702 δεδεμένος
758 617 951 707 ξυλλήπτωρ
979 618 1029 702 ελη
1048 623 1094 706 τῷ
1115 626 1167 690 ἀε-

11 732 15 738 ’
146 719 279 794 δέσθαι,
306 753 352 764 -·
383 711 465 803 ὅπερ
493 704 555 782 οὖν
571 720 671 809 λέγω,
698 716 936 802 γιγνώσκουσιν
963 724 996 788 οἱ
1021 723 1167 812 φιλομα-

144 819 237 894 θεῖς,
268 810 321 882 ὅτι
357 811 445 883 οὕτω
484 820 733 904 παραλαβοῦσα
759 816 779 901 ἡ
808 825 993 913 φιλοσοφία
1020 826 1165 908 ἔχουσαν

144 915 258 983 αὐτῶν
294 911 357 998 τὴν
394 913 510 1010 ψυχὴν
542 917 648 1005 ἠρέμα
691 926 949 1007 παραμυθεῖται
984 925 1038 990 καί
1073 921 1164 990 λύειν

143 1024 297 1103 ἐπιχειρεῖ
322 1018 567 1104 ἐνδεικνυμένη,
593 1015 645 1085 ὅτι
672 1016 810 1103 ἀπάτης
842 1026 904 1110 μὲν
928 1018 1031 1108 μεστὴ
1056 1020 1077 1108 ἡ
1103 1019 1158 1090 ritui

140 1119 209 1183 τῶν
235 1112 396 1203 ὀμμάτων
421 1125 553 1208 σκέψις,
590 1116 726 1199 ἀπάτης
759 1123 793 1186 δὲ
829 1121 850 1201 η
884 1119 939 1188 διά
974 1125 1042 1190 τῶν
1066 1117 1160 1191 ὤτων

140 1221 196 1286 καὶ
222 1219 290 1283 τῶν
315 1211 426 1282 ἀλλων
453 1216 663 1298 αλσθησεων,
695 1221 865 1286 πείθουσα
898 1224 932 1288 ἀὲ
966 1227 1000 1286 ἐκ
1031 1222 1162 1290 τούτων

139 1321 200 1404 μὲν
225 1315 411 1404 ἀναχωρεῖν
436 1313 518 1384 ὅσον
543 1314 588 1404 μὴ
615 1315 745 1399 ἀνάγκη
772 1317 888 1397 αὐτοῖς
909 1321 1071 1406 χρῆσθαι,
1097 1321 1160 1386 αά-

140 1414 204 1500 την
233 1420 267 1484 δὲ
294 1423 340 1495 είς
366 1413 474 1500 αὐτὴν
506 1417 723 1502 ξυλλέμεσθαι
755 1422 811 1484 καὶ
836 1417 1067 1508 ἀθροίζεσθαι
1093 1445 1159 1485 πα-

141 1521 398 1608 ρακελευομένη,
431 1513 598 1585 πιστεύειν
625 1520 659 1583 ἀὲ
686 1520 801 1603 μηδενὶ
826 1514 917 1605 ἀλλῳ
944 1513 1019 1585 ἀλλ’
1046 1513 1069 1600 ἢ
1096 1517 1158 1587 αὐ-

207 1745 238 1800 E.
281 1745 562 1814 νυλενδουμένην]
597 1747 627 1799 V.
652 1746 870 1829 καλιιιάουμέιήν,
900 1745 970 1813 quod
993 1745 1033 1798 llio
1055 1762 1158 1815 quoque

139 1816 230 1882 optimi
257 1814 408 1881 plurimique
433 1816 491 1866 libri
514 1820 691 1882 aspernantur.
734 1816 800 1867 Deru
822 1815 894 1867 Flor.
922 1815 947 1871 d.
973 1812 1041 1867 to?
1061 1819 1157 1869 ἐπιθυ·
1176 1849 1198 1861 ,.

158 1887 199 1944 ίος
216 1885 293 1934 ἐστίν.

136 1905 156 1950 μ
207 1955 239 2005 P.
255 1952 298 2006 83.
334 1951 368 2000 ἐν
393 1947 524 2001 τούτων
547 1954 604 2019 μὶν
630 1951 830 2020 ἀναχωρεῖν]
851 1950 994 2020 ἀποχωρεῖν
1013 1951 1071 2004 Vst.
1091 1952 1155 2005 Ven.

136 2018 174 2071 Π.
193 2021 268 2072 Viud.
289 2026 320 2072 Φ.
340 2020 429 2071 Ambr.
449 2024 476 2070 et
494 2036 565 2086 apr.
585 2037 618 2073 m·
638 2021 708 2073 Flor.
729 2021 755 2073 d.

207 2090 237 2140 C.
273 2091 463 2151 ἐπιθυμιῶν
481 2090 537 2139 καί
556 2091 679 2153 λυπῶν]
699 2090 784 2140 λυπῶν
795 2087 838 2138 καί
846 2089 995 2155 ἐπιθυμιῶν
1008 2089 1066 2141 vat.
1082 2088 1155 2142 Vind.

138 2158 169 2208 Ψ.
190 2155 259 2207 Ρεε.’
272 2155 308 2205 G.
331 2155 420 2205 ambr.
438 2154 510 2209 Flor.
530 2157 556 2209 d.
589 2157 692 2209 Eodem
717 2156 809 2207 ordine
832 2155 911 2227 iidem
936 2158 992 2209 libri
1013 2173 1075 2210 mox
1096 2174 1155 2210 cum

169 2323 200 2370 ἓν
218 2313 303 2390 πάσῃ
327 2320 465 2388 ἀμαθίᾳ
483 2324 523 2390 ιι]
548 2326 619 2376 Poli—
670 2322 711 2377 Gii·
736 2322 767 2376 (i.
790 2322 821 2372 D.
847 2320 947 2373 Philcb.
966 2336 991 2387 p·
1011 2322 1052 2375 35.
1071 2326 1103 2374 Ο.
1122 2328 1154 2378 al.

133 2391 176 2442 tic.
200 2408 228 2458 p·
254 2390 313 2446 309.
340 2394 371 2443 Α.
396 2394 421 2442 iv
444 2391 551 2460 ἀμαθίᾳ
576 2393 620 2442 καὶ
671 2391 823 2443 edocemur.
857 2389 1078 2455 ltaquecaptivus
1096 2394 1154 2456 ipse

133 2459 301 2525 ταπεινότητι
319 2459 520 2526 κυλινδούμενοι.
547 2461 618 2512 Tire·
672 2460 765 2511 dicitur
783 2456 932 2522 Ξυλλήττωρ
951 2457 1016 2506 εἶναι
1036 2463 1071 2526 τῷ
1084 2461 1152 2511 δεδέ-

133 2536 184 2581 aet.
209 2547 233 2596 p.
256 2531 312 2584 172.
333 2532 363 2581 l).
391 2533 416 2579 ἐν
442 2530 618 2598 δικαστηρίοις
670 2533 744 2579 σθαι.
780 2528 846 2578 Nam
869 2523 901 2584 ὦς
921 2525 953 2575 ἀν
978 2555 1012 2563 -
1036 2531 1074 2590 εἵη
1098 2532 1151 2577 ests

131 2599 158 2646 in
182 2603 243 2648 stov
271 2598 473 2666 κυλινδούμενοι.
504 2600 616 2664 Synes.
669 2596 831 2662 quomodo
860 2621 894 2632 —
927 2609 1001 2646 esse
1030 2596 1151 2661 possit,

131 2664 214 2730 Epist.
241 2665 282 2719 32.
312 2671 339 2716 ἐν
360 2667 507 2730 καπηλείοις
531 2668 617 2718 κολα·
669 2665 744 2716 sicuti
762 2662 795 2720 ὡς
815 2665 846 2714 ἀν
866 2679 888 2713 c.
907 2663 1024 2726 optativo
1042 2679 1151 2728 usurpa·

131 2732 231 2797 ἀηθείς.
278 2737 334 2786 Alia
365 2736 436 2786 dabit
463 2735 615 2802 Bergler.
668 2740 710 2784 tur
732 2733 810 2783 etiam
843 2730 953 2782 Plraedr.
980 2747 1003 2795 p.
1029 2729 1088 2784 230.
1119 2733 1149 2784 B.

131 2801 163 2853 ad
183 2801 297 2868 Alciplrr.
316 2804 349 2854 Τ.
368 2804 387 2854 l.
407 2821 432 2869 p.
455 2803 511 2858 132.
667 2799 727 2855 231.
757 2806 785 2850 Α.
809 2798 869 2854 205.
896 2800 927 2852 D.
946 2799 1027 2864 Gorg.
1048 2816 1072 2865 p.
1091 2799 1151 2855 453.

166 2868 221 2920 ἀνι
246 2870 287 2920 δι’
307 2874 493 2939 ἐπιθυμίας
511 2874 616 2936 ἐστίν,
668 2871 699 2919 Α.
718 2871 750 2921 al.
770 2868 920 2934 pendetque
939 2883 971 2918 ex
1000 2867 1037 2918 δι’
1057 2872 1151 2919 ἐπιθυ-

129 2937 167 2998 ὡς
185 2938 201 2988 ἀ
210 2960 222 2988 ν
247 2960 276 3006 μ.
299 2969 334 2978 —
358 2948 409 3011 τῷν
429 2943 615 3003 δεδέσθαι]
666 2939 728 3004 μίας
749 2940 826 2990 ἐστίν.
868 2939 959 3003 ltaque
983 2944 1054 2989 totus
1078 2941 1150 2989 locus

129 3009 156 3059 H
166 3009 356 3062 eindorsius
375 3010 404 3061 τὸ
420 3010 457 3062 δι’
469 3014 616 3078 ἐπιθυμίας
667 3008 705 3059 sic
718 3009 925 3075 interpretandus
937 3011 990 3059 est:
1006 3013 1039 3059 et
1050 3023 1090 3072 qu
1100 3023 1149 3059 um

128 3077 196 3130 εἶναι
224 3081 326 3145 passive
356 3080 506 3147 capiendum
541 3088 615 3147 puta-
667 3076 937 3144 philosophia
979 3076 1149 3128 diritatem

83 3182 85 3185 -
128 3147 185 3212 bat,
205 3155 233 3198 ut
251 3149 293 3198 lsai
311 3153 441 3215 χαρίτων,
467 3149 509 3199 διὰ
535 3169 615 3200 onori—
669 3148 817 3199 claustri
841 3147 942 3198 istiue
960 3145 1148 3211 perspexit,

128 3214 616 3282 riqqsittpmquc,‹ls'saipqesirm
666 3216 791 3281 quippe
819 3215 905 3279 quod
943 3213 1057 3264 extitit
1092 3225 1148 3274 per

127 3279 257 3342 atqueois·
278 3282 405 3345 prosilere
431 3283 615 3332 dictumacci-
667 3283 893 3344 cupiditatem
926 3297 961 3331 ac
992 3278 1146 3339 studium,

127 3345 228 3410 plebat,
255 3353 285 3395 ut
311 3348 379 3397 idem
406 3349 484 3396 etiam
504 3348 614 3410 exprimi
665 3345 1061 3411 quomodopotissimum
1080 3345 1147 3392 vin-

98 3411 101 3424 '
127 3413 165 3462 sic
190 3413 318 3477 potuerit:
347 3413 408 3468 ἀίςτι
438 3413 469 3460 ἀν
497 3411 613 3475 μάλιοτα
665 3414 737 3460 ctus
761 3413 837 3476 ipse
861 3415 1019 3464 adiuvare
1046 3420 1146 3475 queat
1229 3465 1233 3471 ,

127 3478 176 3530 τὸν
197 3479 329 3540 δεδεμένον
353 3477 515 3544 ξυλλιὶπτορα
546 3478 612 3528 εἶναι
661 3481 894 3544 captivitatem
913 3496 1012 3531 suam.
1040 3479 1094 3530 Pro
1111 3487 1146 3548 τῷ

125 3551 162 3614 τῷ
187 3546 320 3600 δεδέσθαι.
366 3548 441 3601 Quae
465 3547 530 3596 ratio
561 3562 611 3597 non
663 3547 789 3598 δεδέσθαι
807 3548 882 3598 facile
900 3549 1026 3611 quiscum
1046 3547 1144 3598 Hein-

126 3629 178 3666 uno
202 3615 306 3665 nourine
343 3615 468 3681 displicet.
513 3614 608 3666 lmoo‘
662 3614 775 3667 dort'io
801 3614 985 3667 desideraverit
1009 3620 1057 3664 τοῦ
1076 3617 1144 3668 δειλέ-

124 3682 229 3749 είρμμὸς
247 3682 340 3733 dicitur
364 3684 400 3734 δι’
421 3685 555 3748 ἓπθομίας
573 3684 610 3734 ei·
660 3689 744 3750 σθαι,
775 3699 840 3749 quae
869 3687 908 3734 est
937 3682 1008 3733 verbi
1031 3685 1144 3752 συλλαμ-

123 3770 179 3816 ναι,
207 3758 334 3818 quateuus
365 3769 411 3818 per
434 3752 608 3818 cupiditatem
658 3751 746 3818 βάνειν
773 3759 799 3802 et
818 3748 981 3817 ευλλιίπιορα
1003 3751 1069 3802 εἶναι
1087 3756 1143 3806 usi·

124 3821 224 3886 extitit3
259 3820 285 3872 id
322 3821 392 3885 quod
435 3828 508 3872 recte
544 3822 608 3873 vidit
658 3829 712 3872 tata
731 3820 906 3882 constructio,
930 3819 962 3871 de
980 3837 1029 3886 qua
1047 3838 1142 3874 consu-

122 3889 342 3949 Hermanuus.
378 3891 407 3943 Ia
423 3906 474 3956 quo
491 3890 548 3960 ipso
567 3891 606 3941 di-
657 3892 696 3942 las
715 3887 882 3941 Matthiae
908 3889 953 3938 Gr.
972 3891 1018 3944 Gr.
1037 3891 1058 3956 §.
1078 3891 1138 3946 325.

123 3960 187 4011 ritas
223 3959 327 4012 claustri
370 3959 443 4012 iatius
478 3959 605 4023 cernitur3
656 3958 763 4010 Curtius
797 3963 883 4007 tamen
908 3954 954 4008 irae
977 3958 1009 4010 de
1033 3975 1062 4010 re
1084 3967 1139 4011 sta-

122 4043 182 4081 nam
207 4029 338 4094 ἐπιθυμία
361 4027 441 4095 Ιρελοε
459 4027 535 4081 animi
554 4034 604 4091 est,
656 4025 788 4078 tuendum.
830 4024 895 4076 Nam
922 4026 1036 4081 dativum
1061 4029 1159 4091 codd.⁴

123 4098 198 4155 sicuti
217 4098 284 4166 ilep.
305 4097 349 4153 lV.
367 4113 392 4165 p.
410 4095 469 4152 436.
489 4095 556 4150 Tim.
578 4112 603 4164 p.
655 4109 746 4148 omues
782 4098 900 4157 tuentum
942 4111 989 4149 uec
1024 4096 1139 4150 ridemus
