2604 4620
162 214 236 271 ΚΠ
542 227 800 283 rnonnooimsn

162 367 194 437 in
223 376 382 443 detrudis
400 382 561 475 'periculis
587 376 760 477 gravitate,
792 366 930 469 denique
959 378 995 438 in
1029 382 1183 451 omnibns

160 454 257 525 rebus
276 460 428 545 gerendis
449 461 647 527 fortitudine.
674 452 743 517 Nec
764 473 840 517 vero
859 453 950 518 illum
969 455 1035 523 hoc
1061 470 1183 535 eodem

160 550 300 641 tpmporc
319 554 433 605 narrat
453 544 592 607 alienum
612 538 711 602 fuisse
733 560 753 600 a
775 536 959 603 sublimium
976 560 1090 610 rorum
1106 570 1182 617 ma.

158 622 316 697 ditatione,
337 625 597 709 quandoquidem
612 620 783 705 aliquando
797 622 840 686 ad
852 621 1045 704 Potidaeam,
1068 650 1183 712 quum

157 706 190 771 in
209 704 408 773 subtiliorem
428 709 566 792 aliquam
581 705 799 789 quaestionem
812 707 992 786 incidisset,
1012 730 1179 782 asummo

156 808 245 857 mane
272 793 446 877 usquead
476 790 554 856 solis
578 799 685 855 ortum
711 790 772 856 sub
800 791 854 855 dio
880 791 1032 859 immotus
1053 797 1174 864 eodem

155 878 187 943 in
205 872 278 941 loco
300 877 433 953 steterit,
453 875 556 940 donec
576 875 664 957 quod
685 875 870 957 quaesierat
889 875 1071 949 invenisset.
1089 878 1168 962 Quo

155 968 240 1029 certe
259 958 543 1047 flagrantissimum
558 958 735 1045 sapientiae
750 960 1065 1048 studium'arguitur,
1086 965 1175 1062 quod

156 1064 195 1115 no
220 1052 290 1107 tum
315 1042 446 1127 quidem
470 1044 629 1131 restingui
656 1045 808 1130 potuerit,
836 1068 935 1130 quum
964 1047 1176 1133 graussrmae

155 1127 295 1276 eorporils
320 1126 486 1277 malaeum
514 1140 546 1193 et
567 1151 740 1194 aerumnae
762 1130 971 1215 perferendae
992 1141 1102 1196 essent
1123 1139 1175 1196 at-

198 1220 358 1281 stoerau
420 1259 428 1277 .

154 1236 290 1365 anoeo
307 1296 411 1383 igitur
432 1307 507 1361 sunt
527 1297 595 1363 iere
615 1298 679 1376 illa,
708 1298 743 1362 in
764 1297 882 1383 quibus
904 1320 922 1363 e
987 1298 1104 1372 nendis
1124 1307 1175 1363 at-

175 1408 216 1453 us
236 1381 434 1449 illustrandis
454 1382 633 1451 Alcibiadis
648 1394 797 1449 versatur
809 1383 921 1448 oratio.
976 1383 1075 1448 audat
1087 1382 1176 1449 enirn

217 1476 319 1533 ratem
333 1466 520 1565 sapientiae,
542 1467 755 1533 continentiae
774 1479 806 1534 et
820 1467 1020 1533 fortitudinis
1033 1468 1175 1546 nomine,

154 1553 212 1621 sed
236 1551 347 1616 laudat
367 1561 424 1631 ita,
452 1561 490 1615 ut
509 1551 621 1618 laudes
643 1553 712 1618 eius
733 1573 855 1630 omnes,
882 1551 1029 1635 quamvis
1050 1551 1087 1616 id
1107 1574 1173 1617 non

152 1636 271 1722 ubique
299 1636 407 1700 statim
434 1648 599 1722 appareat,
629 1638 671 1701 ad
697 1638 813 1703 amoris
838 1636 1021 1722 philosophi
1045 1636 1083 1700 in
1104 1632 1174 1702 iiro

153 1720 318 1807 conspicui
338 1721 568 1805 praestantiam
590 1733 622 1786 et
643 1722 795 1787 virtutem
809 1721 999 1787 referantur.
1020 1718 1108 1785 Nam
1121 1742 1175 1786 sa-

152 1805 274 1895 pientia
301 1805 443 1870 cernitur
468 1805 503 1870 iu
530 1807 600 1871 eius
628 1805 845 1883 sermonibus,
871 1805 989 1890 quibus
1015 1805 1174 1871 amasium

152 1890 235 1957 solet
259 1890 302 1954 ad
328 1912 454 1955 omnem
481 1889 632 1956 virtmem
662 1912 881 1975 summamque
903 1889 1095 1974 sapientiam
1115 1890 1175 1955 fle-

152 1986 238 2041 ctere
259 1984 292 2039 et
312 1976 509 2040 conformare
515 1999 524 2051 ;
548 1976 743 2041 continentia
763 1977 867 2061 posita
887 1974 989 2040 estin
1004 1996 1054 2053 eo,
1076 1975 1173 2059 quod,

152 2059 279 2125 etiamsi
300 2059 343 2123 ad
363 2058 539 2125 lubidinem
561 2060 751 2148 explendam
773 2059 977 2137 sollicitetur,
1000 2069 1110 2125 tamen
1122 2060 1174 2125 ni·

151 2144 198 2209 hil
216 2143 280 2209 nisi
302 2144 397 2208 animi
419 2143 668 2229 pulcritudinem
681 2144 824 2209 intuetur
838 2153 934 2229 atque
948 2164 1013 2223 eos,
1036 2144 1173 2228 quibus·
1265 2164 1272 2177 ·

104 2310 107 2315 Ι
152 2250 226 2294 oum
253 2238 475 2306 conversatur,
511 2228 553 2292 ad
580 2228 762 2293 divinarum
791 2251 898 2295 rerum
923 2228 1173 2328 pulcritudinem

152 2312 428 2399 contemplandam
442 2312 672 2397 amandamque
686 2314 843 2391 instituit3
866 2314 1006 2398 denique
1019 2314 1173 2379 fortitudo

151 2398 228 2464 inde
254 2399 468 2486 cognoscitur,
495 2398 583 2482 quod
602 2398 687 2463 valet
707 2420 825 2499 magno
848 2397 991 2483 corporis
1011 2398 1173 2483 animique

151 2482 276 2561 robore,
297 2484 385 2569 quod
406 2505 506 2567 quum
528 2505 601 2548 enm
623 2482 664 2548 ab
686 2504 773 2548 omnr
795 2482 925 2548 mollitie
943 2483 1084 2548 alienum
1097 2482 1172 2548 red·

153 2568 211 2648 dit,
242 2578 309 2632 tum
335 2590 387 2632 res
414 2577 563 2633 externas
589 2568 623 2632 in
645 2566 715 2632 eius
736 2568 855 2654 redigit
875 2577 1080 2651 potestatem,
1109 2589 1172 2652 quo

152 2653 257 2738 magis
280 2674 314 2716 sc
335 2673 444 2716 rerum
465 2651 648 2716 divinarum
662 2652 860 2718 meditationi
874 2662 907 2717 et
921 2651 1050 2718 virtutis
1065 2653 1172 2719 studio

151 2737 314 2804 liberrime
336 2735 442 2801 dedat
464 2735 581 2820 Itaque
602 2736 750 2801 amatoris
765 2736 903 2822 perfecti
917 2736 1092 2825 imaginem
1107 2748 1172 2802 tam

152 2822 247 2909 plene
275 2823 499 2905 cumulateque
532 2821 584 2886 hic
612 2821 806 2907 descriptam
834 2822 996 2901 videmus,
1029 2822 1111 2888 nihil
1137 2833 1172 2904 ut
1226 2850 1231 2857 ·

151 2907 341 2995 reperiatur,
363 2906 452 2990 quod
473 2906 538 2970 ulla
559 2929 600 2971 ex
619 2916 709 2992 parte
724 2906 901 2972 desiderari
916 2916 1021 2990 queat.
1046 2906 1171 2988 Quam·

152 3017 249 3079 quam
271 2993 445 3059 tenendum
467 3002 527 3069 est,
550 2991 590 3056 de
612 3013 675 3074 quo
696 2991 762 3056 iam
783 3003 880 3059 antea
897 2991 1092 3070 monuimus,
1114 3014 1171 3057 ex-

152 3079 255 3147 hiberi
280 3077 445 3144 Socratem
466 3076 560 3142 nobis
581 3076 623 3141 ad
643 3077 748 3162 ipsam
769 3078 854 3142 vitae
868 3077 1036 3142 veritatem
1051 3076 1170 3142 descri-

152 3175 254 3251 ptum,
282 3175 319 3228 ut
344 3162 592 3247 haudquaquam
620 3162 685 3226 iam
714 3161 795 3226 ideis
821 3161 944 3247 potitus
965 3183 1046 3227 esse·
1059 3160 1170 3227 existi-

153 3249 289 3313 mandus
305 3249 356 3325 sit,
380 3248 437 3313 sed
452 3258 574 3312 tantum
584 3247 612 3313 is
623 3246 782 3326 videatur,
796 3247 853 3330 qui
871 3246 978 3311 studio
996 3246 1168 3333 sapientiae

175 3329 247 3393 lane
275 3331 402 3397 deditus
430 3332 471 3395 sit
496 3332 593 3417 idque
620 3333 685 3397 vita
712 3341 745 3396 et
772 3331 916 3396 moribus
937 3332 1045 3416 palam
1062 3329 1166 3395 faciat.

153 3350 237 3477 bam
248 3414 417 3494 quominus
432 3437 505 3478 eum
520 3416 615 3480 talem
628 3417 708 3504 fingi
721 3426 884 3503 putemus,
899 3417 954 3501 qui
969 3416 1034 3480 iam
1049 3435 1170 3481 summa

153 3516 299 3578 quaeque
326 3496 360 3559 in
409 3498 588 3582 hilosophia
615 3512 809 3585 assequutus
837 3501 887 3577 sit,
917 3502 969 3566 vel
994 3500 1075 3566 illud
1095 3520 1201 3585 pro-0

152 3579 252 3657 hibet,
281 3578 376 3662 quod·
425 3580 536 3645 iotima
561 3603 687 3667 quoque
709 3607 742 3670 p.
765 3587 838 3650 210.
859 3581 902 3650 A.
931 3583 1068 3662 dubitat,
1094 3606 1172 3649 num

152 3667 216 3731 iam
248 3664 425 3765 perfectum
455 3673 552 3746 atque
587 3689 746 3734 summum
778 3671 915 3756 gradum
943 3670 1173 3736 amatoriorum

152 3760 380 3838 mysteriorum
401 3759 618 3833 consequutus
640 3753 691 3816 sit.

195 3836 304 3922 Atque
326 3834 376 3900 his
397 3832 442 3898 ita
464 3834 620 3920 expositis
641 3838 750 3901 mirari
773 3862 850 3905 sane
870 3840 979 3906 licebit
995 3860 1107 3905 eorum
1120 3837 1172 3905 iu-

154 3921 283 4000 dicium,
305 3921 361 4007 qui
382 3918 582 3985 haecomnia
600 3921 910 3988 existimaruntideo
933 3925 979 3991 sic
1000 3923 1173 3989 aPlatone

154 4009 300 4096 exposita
321 4028 402 4087 esse,
426 4015 462 4072 ut
477 4001 626 4070 Socrates
648 4005 689 4070 ab
711 4006 828 4094 impuri
844 4009 961 4075 amoris
976 4008 1172 4095 suspicione,
