2604 4620
224 246 348 319 'xxxlv
504 200 510 213 i
605 239 871 289 PROLEGOMENA
934 234 937 241 '
952 268 955 275 .

233 397 372 484 pientiae
393 394 546 482 mysteria
559 394 699 481 pandera
712 392 896 458 instituerit.
919 390 1251 473 QuamobremfPlato

232 505 373 547 amorem
394 505 490 546 suum
510 480 551 545 ad
571 501 652 543 unos
672 479 759 543 viros
778 487 875 561 atque
891 476 1109 545 adolescentes
1123 480 1246 559 retulit,

232 568 280 632 ita
299 567 440 651 quidem,
461 576 498 630 ut
519 564 609 629 alteri
628 563 789 629 iuniorum
807 560 963 647 magistri,
985 562 1079 634 alteri
1097 564 1246 649 prudeu-

232 653 348 717 tiorum
374 661 470 734 atque
497 659 600 715 aetate
625 647 859 733 provectiorum
885 647 983 713 veluti
1009 647 1161 735 discipuli
1186 650 1246 717 ba·

232 737 393 802 berentur.
431 733 506 815 Qua
533 735 624 799 inre
646 733 792 817 exemplo
813 754 882 797 esse
903 731 1007 818 potuit
1026 754 1096 799 mos
1115 732 1243 819 P-ytlra·

165 848 169 856 ·
231 843 411 909 gomorum,
435 819 490 903 qui
510 828 611 884 semet
631 817 844 904 ipsosmutua
856 819 987 883 caritate
1000 818 1237 919 prosequeban-

232 905 394 971 taretin
414 904 500 969 omni
519 903 604 968 vitae
625 925 744 1003 genere
763 901 806 967 ad
826 902 978 967 virtutem
999 912 1032 967 et
1052 902 1235 990 sapientiam

232 989 494 1065 exhortabantur,
515 989 561 1052 ita
582 988 723 1071 quidem,
744 997 780 1051 ut
801 997 903 1052 aetate
917 987 1056 1053 minores
1069 987 1237 1055 maioribus

234 1086 268 1140 et
287 1083 390 1139 aetate
411 1073 531 1159 pariter
552 1083 647 1156 atque
668 1071 876 1158 intelligentia
903 1073 1157 1158 provectioribus
1182 1072 1238 1139 ob·

233 1170 299 1224 tem
321 1168 448 1223 ararent
468 1169 563 1241 atque
584 1156 860 1257 morigerarentur.
883 1155 980 1238 Quod
1000 1157 1028 1223 si
1048 1156 1093 1221 ita
1106 1169 1169 1237 est,
1191 1158 1240 1223 di·

234 1183 370 1330 soipiina
389 1242 533 1307 Platonis
554 1252 706 1307 amatorra
725 1241 785 1306 hac
806 1263 931 1326 quoque
952 1241 986 1305 in
999 1252 1095 1329 parte
1113 1240 1242 1327 Pytha-

232 1329 336 1419 gorici
357 1328 510 1411 quiddam
523 1328 631 1404 refert,
651 1327 738 1410 quod
752 1348 828 1392 sane
843 1327 939 1391 etiam
951 1327 1023 1393 ideo
1034 1325 1243 1393 memorabile

235 1423 297 1490 est,
318 1413 405 1496 quod
425 1411 499 1476 libri
524 1411 579 1475 isti
600 1411 753 1489 amatorii,
780 1412 835 1495 qui
863 1411 904 1476 ad
932 1409 1069 1477 celsioris
1093 1409 1242 1495 philoso-

235 1498 330 1582 phiae
351 1497 489 1563 rationes
511 1506 666 1582 spectant,
694 1496 762 1561 sine
788 1497 1003 1562 conuoversia
1027 1495 1081 1561 illo
1108 1494 1243 1563 demum

234 1592 377 1668 tempore
392 1579 439 1645 -ab
462 1604 499 1647 eo
521 1581 631 1667 scripti
652 1592 735 1660 sunt,
765 1603 828 1664 qno
849 1580 943 1647 Italia
962 1579 1110 1666 inferiore
1130 1591 1165 1647 et
1186 1578 1241 1647 Si·

235 1667 309 1732 cilia
328 1667 462 1731 lustrata
482 1664 684 1731 interioribus
706 1677 867 1749 tamquam
893 1667 991 1733 sacris
1018 1665 1151 1733 rationis
1170 1665 1240 1753 Py·

237 1751 418 1840 thagoricae
432 1751 575 1816 initiatus
591 1750 661 1816 fuit.
684 1749 753 1817 Sed
768 1762 964 1818 revertamur
976 1752 1019 1816 ad
1031 1751 1238 1838 propositum.

234 1836 382 1902 Pertinet
401 1837 501 1924 igitur
527 1859 615 1901 amor
644 1835 787 1901 Platonis
812 1836 855 1901 ad
881 1858 962 1901 unos
982 1858 1099 1915 mares,
1126 1858 1236 1921 quam·

214 1934 332 2005 ‘quam
351 1922 421 2021 ipse
441 1920 476 1986 in
497 1920 666 2006 Symposio
687 1920 858 2000 Dictimae,
880 1921 1020 1987 celsioris
1047 1931 1140 2005 atquc
1158 1942 1234 1985 san·

235 2007 345 2071 ctioris
358 2006 479 2091 ingenii
492 2005 626 2082 mulieri,
648 2005 827 2090 singulares
847 2006 888 2072 ob
908 2028 1050 2085 caussas,
1070 2006 1110 2073 de
1141 2002 1233 2071 uibus

236 2113 310 2155 mox
332 2089 463 2167 dicetur,
485 2089 572 2154 illius
591 2089 775 2156 interiorem
795 2088 904 2157 tribuit
927 2090 1082 2157 notitiam.
1184 2110 1234 2155 em

236 2197 313 2239 vero
332 2174 414 2239 ratio
435 2184 485 2239 est
504 2175 601 2239 etiam
620 2174 746 2239 honesti
769 2175 854 2240 illius
874 2174 1009 2240 marium
1029 2176 1156 2253 amoris,
1183 2174 1237 2259 qui

235 2259 270 2323 in
293 2255 432 2323 Graecia
482 2259 571 2324 ervul
613 2268 664 2325 tus
690 2259 762 2337 fuit,
792 2259 886 2326 sicuti
911 2260 945 2326 in
969 2259 981 2326 i
1006 2282 1042 2325 so
1069 2258 1151 2345 Sym
1193 2260 1239 2325 sio

260 2341 457 2409 .181.B..
497 2366 570 2408 .co
624 2343 873 2411 182-184.Α.
901 2344 974 2411 185ζ
1023 2356 1144 2411 .osten
1167 2345 1237 2411 'tua

235 2367 335 2510 1gluod
357 2439 442 2494 certe
463 2451 556 2495 nemo
577 2429 751 2508 mirabitur,
778 2429 834 2513 qui
859 2452 928 2498 rem
952 2453 1078 2497 omnem
1101 2452 1237 2532 perpen-

236 2514 319 2578 derit
340 2513 532 2600 diligentius.
557 2512 642 2579 Nam
662 2514 800 2600 primum
820 2514 949 2598 quidem
968 2515 1003 2579 in
1024 2512 1164 2583 Graecia
1183 2538 1237 2581 re·

235 2609 303 2663 tere
324 2599 472 2663 mulieres
492 2621 558 2662 non
578 2621 616 2663 ea
635 2599 763 2665 fortuna
782 2610 815 2664 et
828 2598 957 2667 vivendi
970 2599 1151 2666 conditione
1163 2622 1238 2667 usae

236 2692 321 2759 sunt,
350 2693 386 2747 ut
413 2683 455 2747 ad
475 2683 561 2748 vitae
573 2683 727 2769 ,publicae
748 2680 998 2751 communionem
1021 2686 1075 2751 vel
1095 2686 1238 2773 adspira·

237 2776 309 2831 rent
336 2767 387 2832 vel
414 2767 579 2852 adspirare
606 2778 752 2855 possent,
786 2768 909 2835 etiamsi
934 2768 1173 2837 concedendum
1196 2770 1239 2835 sit

236 2852 288 2918 hic
309 2863 341 2917 et
361 2852 426 2918 illic
446 2853 576 2918 easdem
595 2855 694 2919 fuisse
714 2852 888 2933 liberiores,
914 2853 947 2918 id
990 2854 1054 2919 uod
1075 2854 1116 2920 de
1139 2854 1237 2943 spar-

236 2937 321 3002 tanis
340 2939 509 3003 memoriae
530 2939 691 3024 proditum
704 2962 776 3005 esse
788 2940 945 3006 novimus.
967 2876 1051 3021 Quis
1064 2939 1165 3028 igitur
1177 2949 1237 3018 est,

235 3023 314 3108 quin
340 3034 495 3110 protenus
522 3023 639 3101 videat,
668 3047 725 3090 cur
749 3048 838 3090 amor
861 3025 924 3103 ille,
952 3024 1007 3109 qui
1027 3024 1070 3110 ad
1089 3022 1240 3091 virtutem

235 3108 360 3174 civilem
380 3120 475 3194 atque
495 3109 642 3175 bellicam
663 3111 714 3176 vel
738 3109 882 3197 inprimis
908 3109 1079 3196 spectabat,
1104 3130 1170 3173 non
1194 3108 1236 3171 sd

234 3193 305 3267 illas
350 3194 526 3272 ertinuerit,
554 3194 613 3258 sed
659 3195 743 3260 otius
769 3195 810 3259 ad
831 3195 1045 3261 adolescentes
1065 3193 1235 3259 &maletus

236 3277 297 3339 sit?
356 3278 447 3342 einde
468 3301 527 3342 neo
544 3279 624 3343 illud
710 3279 744 3343 in
758 3303 872 3346 caussa
884 3289 999 3345 temere
1012 3275 1235 3366 negligendum

236 3368 295 3435 est,
318 3361 403 3442 quod
426 3359 543 3426 Graeci
555 3362 640 3427 inter
651 3363 822 3430 femineum
838 3387 976 3431 amorem
990 3376 1082 3449 atque
1094 3380 1236 3425 amorem

235 3443 413 3507 masculum
437 3445 608 3530 plurimum
633 3446 823 3515 discriminis
844 3449 1039 3515 intercedere
1056 3443 1236 3513 roluenmt.

234 3524 321 3600 Nam
340 3527 429 3591 illum
449 3529 579 3614 quidem
598 3532 831 3599 restrinxerunt
849 3534 891 3599 ad
911 3557 1008 3599 unam
1021 3530 1155 3599 nrsxime
1176 3529 1237 3596 do·

235 3611 400 3676 mesticam
420 3635 497 3700 erga
516 3616 651 3683 feminas
673 3618 843 3697 caritatem,
863 3619 909 3684 ita
924 3631 960 3683 ut
973 3642 1048 3685 eum
1081 3615 1239 3717 biloscphi

236 3717 331 3783 saepe
358 3719 400 3760 ne
425 3697 558 3784 dignum
584 3701 711 3786 quidem
731 3704 847 3769 amoris
867 3704 993 3770 nomine
1014 3641 1237 3780 iurlicavennt,

235 3781 276 3846 de
298 3803 363 3865 qua
383 3803 417 3844 re
438 3805 470 3847 v.
489 3782 686 3853 Plutarch.
706 3787 849 3855 Amator.
864 3797 898 3875 p}
913 3790 984 3854 750.
1000 3786 1039 3854 Ο.
1054 3788 1106 3855 ed.
1119 3786 1237 3855 Frena

234 3864 333 3932 Hunc
353 3877 460 3931 autem
482 3891 554 3934 eum
575 3892 645 3937 esse
665 3871 896 3953 iudicaverunt,
917 3874 973 3958 qui
993 3872 1130 3939 maxime
1150 3871 1239 3939 vale-
1284 3926 1287 3931 .

234 3962 285 4017 ret
305 3952 346 4016 ad
368 3951 510 4020 studium
529 3955 655 4021 virtutis
669 3955 710 4021 in
734 3957 848 4024 animis
876 3981 985 4025 eorum
1004 3958 1240 4025 incendendum

235 4045 331 4120 atque
356 4036 628 4119 inflammandum,
654 4062 787 4124 quorum
814 4042 984 4128 aliquando
1010 4054 1094 4112 esset
1120 4043 1239 4112 civium
