2604 4620
138 191 212 239 xm
500 186 764 236 Pnomeounus

136 363 263 409 omnem
282 363 388 407 rerum
408 339 653 405 universitatem.
675 338 788 423 Itaque
807 338 887 404 illud
900 297 1034 423 quidem
1046 274 1149 427 plene

136 427 259 579 probat,
272 425 359 511 quod
372 423 776 575 Eryximachunsoppplicem
788 445 929 489 amorem
942 423 1145 491 distinxerit.
1177 486 1179 491 2

122 532 131 551 ⁸
165 512 204 577 ed
224 510 308 595 quod
329 532 402 575 eum
420 533 454 574 m
474 509 546 574 unis

163 584 174 607 Ι

689 532 744 573 um
764 508 877 573 animis
897 509 1057 574 adversus
1070 511 1148 596 pul-

34 630 37 637 ·
136 618 208 663 cros
233 605 374 661 amanter
398 594 522 660 affectis
541 595 648 659 inesse
667 593 812 671 voluerit,
833 593 868 657 id
888 616 963 658 vero
985 602 1079 659 recte
1099 595 1150 659 ita

136 672 309 746 iudioatum
330 702 400 746 esse
420 690 528 767 negat,
550 678 803 764 quandoquidem
823 700 912 743 amor
932 688 966 743 et
984 677 1022 742 in
1039 700 1149 764 peon·

129 763 234 831 dibus
249 775 281 831 et
290 765 325 829 in
334 764 451 851 plantis
466 766 499 830 e't
510 765 546 829 iu
558 772 624 831 tcta
635 784 743 829 rerum
756 773 871 827 natura
884 772 916 829 et
927 762 961 827 in
976 762 1148 849 operibus,

135 849 259 915 artibus
279 860 374 935 atque
400 848 562 928 doctrinis,
587 848 683 913 immo
712 848 807 914 etiam
831 848 916 913 inter
941 847 1021 913 deos
1045 858 1149 933 atque

136 934 296 1014 homines,
323 957 404 1020 quoa
431 934 585 1012 conciliet,
612 933 801 998 dominetur.
843 930 912 999 Sed
934 933 1149 1016 quantumvis

137 1019 189 1084 ille
216 1041 354 1085 amorem
373 1020 408 1083 in
428 1040 574 1105 eampum
594 1018 740 1083 eduxerit
758 1017 1021 1103 patentissimum,
1044 1028 1085 1081 ut
1105 1041 1149 1085 ne

139 1104 198 1171 deo
312 1103 418 1169 uidem
444 1104 666 1187 hominumque
692 1102 861 1168 excluserit
888 1101 1148 1168 coniunctionem

139 1189 186 1276 (p.
200 1128 276 1255 libid.
290 1126 340 1253 li.
363 1187 401 1255 C.
423 1187 495 1274 D.),
516 1198 620 1254 mmen
640 1187 709 1275 ipse
730 1208 855 1274 quoque
874 1185 994 1251 bonum
1016 1197 1146 1253 tantum

139 1289 172 1340 et
192 1274 382 1340 laudabilem
401 1273 514 1360 probat
535 1295 682 1353 amorem,
703 1273 758 1357 qui
778 1271 884 1336 omnia
923 1270 995 1336 uasi
1015 1272 1053 1336 in
1066 1295 1148 1339 oon-

139 1359 278 1425 cordiam
303 1359 439 1443 redigat,
468 1357 715 1444 discrepantiam
732 1379 856 1422 omnem
877 1294 977 1435 tolet,
1006 1355 1147 1442 ideoque

138 1444 225 1510 cirea
245 1443 362 1509 bonum
381 1443 474 1508 unice
494 1453 637 1509 versetur
651 1466 724 1508 cum
741 1442 862 1506 institia
876 1452 908 1506 et
920 1442 1148 1540 temperantia,

138 1528 183 1592 ita
208 1540 244 1593 ut
275 1528 377 1595 omnis
405 1528 532 1615 generis
562 1528 676 1593 afferat
700 1527 884 1593 beatitatem
910 1526 1051 1591 amicrtia
1079 1536 1146 1591 tam

139 1613 222 1679 inter
242 1635 278 1679 se
298 1624 408 1679 mutua
429 1635 525 1698 quam
545 1636 618 1679 cum
638 1613 700 1677 diis
720 1621 901 1699 comparata
921 1611 968 1697 (p.
985 1613 1059 1677 188.
1073 1611 1144 1695 D).

141 1695 357 1779 Quamobrem
379 1698 580 1763 doctissimus
600 1697 741 1762 medicus
763 1697 803 1762 de
824 1719 945 1760 summa
963 1696 1096 1780 quidem
1108 1719 1145 1786 re

139 1783 247 1868 utique
269 1807 343 1850 eum
361 1783 574 1870 superioribus
588 1781 763 1848 oratoribus
783 1782 955 1858 consentit;
977 1804 1055 1846 nam
1073 1783 1144 1867 ipse

139 1890 265 1952 quoque
290 1869 408 1934 bonum
432 1878 528 1952 atque
555 1868 750 1933 salutiferum
770 1888 910 1931 amorem
928 1866 1024 1932 unice
1043 1888 1141 1952 expe-

141 1954 272 2018 tendum
293 1976 363 2018 esse
385 1952 564 2018 arbitratur.
586 1951 633 2017 At
653 1952 737 2018 enim
757 1974 832 2016 vero
855 1949 978 2016 etiamsi
999 1951 1137 2037 disputet

140 2038 235 2124 longe
256 2036 478 2114 eruditissime,
502 2047 608 2101 tamen
627 2036 661 2100 in
682 2059 745 2101 uuo
767 2047 851 2101 certe
871 2047 983 2122 peccat
1004 2033 1133 2123 gravius
1157 2094 1163 2102 .

140 2120 294 2205 Disputat
320 2121 403 2185 enim
425 2121 480 2197 sio,
509 2132 546 2184 ut
571 2122 702 2185 formam
726 2121 842 2185 amoris
869 2130 962 2204 atque
992 2118 1135 2208 speeiem,

40 2224 46 2235 ‘
142 2204 182 2269 de
203 2226 267 2289 qua
286 2204 509 2289 explicandum
528 2204 598 2283 fuit,
620 2215 778 2291 permutet
799 2228 871 2270 cum
891 2207 1041 2271 universo
1054 2224 1139 2271 amo

141 2288 185 2355 ris
213 2312 345 2377 genere,
377 2289 530 2355 latissime
562 2313 636 2355 sane
661 2290 715 2355 illo
742 2301 881 2375 patente.
925 2288 1142 2371 Quamobrem

140 2374 224 2439 infra
243 2398 275 2461 p.
298 2375 369 2442 205.
391 2373 431 2440 Β.
455 2373 493 2441 C.
513 2374 558 2439 D.
586 2398 605 2440 a
631 2373 762 2441 Socrate
788 2385 1002 2440 commonetur
1028 2375 1144 2441 amoris

142 2482 266 2539 nomen,
295 2461 353 2526 etsi
374 2483 432 2547 per
453 2484 487 2525 se
508 2461 692 2545 ampliorem
712 2460 827 2526 habeat
847 2460 1011 2540 ambitum,
1038 2471 1141 2523 tamen

143 2545 292 2629 loquendi
326 2545 552 2611 consuetudine
580 2545 625 2611 ita
650 2545 778 2611 iubente
801 2545 844 2610 ad
868 2556 991 2631 partem
1015 2543 1142 2633 &neris

142 2630 209 2694 fere
237 2629 386 2716 restringi
416 2631 529 2709 solere,
557 2631 642 2714 quod
667 2630 795 2715 quidem
819 2629 866 2694 ibi
890 2630 936 2694 ita
963 2629 1146 2717 exponitur,

143 2723 181 2779 ut
201 2714 294 2779 simul
314 2715 356 2779 ad
376 2714 582 2799 Eryximaohi
604 2737 779 2780 sermonem
798 2717 972 2800 respectari
992 2717 1047 2781 vix
1059 2722 1148 2779 recte·

144 2798 404 2865 dubitaverimus.
434 2798 593 2865 Nimirum
607 2799 838 2884 Eryximaohus
867 2822 965 2885 quum
985 2811 1144 2885 tamqnam

143 2885 284 2951 medicus
305 2885 456 2951 naturalis
475 2884 627 2951 historiae
647 2895 741 2970 atque
763 2885 846 2950 vitae
867 2885 989 2971 peritus
1008 2885 1146 2973 amplam

144 2971 226 3036 hanc
254 2971 378 3036 dicendi
405 2971 567 3037 materiam
593 2970 763 3057 arripuisse
784 2970 937 3048 videatur,
969 2982 1038 3036 tum
1057 2980 1146 3035 tanto

23 3076 28 3083 ’
144 3055 301 3122 lubentius
322 3057 356 3121 iu
376 3057 461 3123 huno
482 3078 628 3143 campum
649 3068 707 3122 exs
730 3055 845 3120 atistus
868 3077 939 3121 esse
984 3056 1068 3121 utari
1088 3056 1147 3120 de-

145 3141 208 3219 bet,
235 3142 320 3225 quod
344 3142 379 3205 id
403 3142 517 3207 rationi
540 3165 581 3207 ac
605 3140 726 3227 discip'
751 3163 789 3205 ae
808 3139 876 3227 Hip
899 3140 949 3205 iae
1012 3141 1042 3205 ei
1068 3163 1146 3206 oon-

146 3225 240 3301 venit,
263 3227 352 3291 carius
372 3225 384 3289 i
409 3250 479 3291 mm
499 3226 682 3292 familiarem
701 3226 801 3290 finisse
822 3248 862 3291 ex
908 3235 1008 3313 rotag.
1023 3246 1057 3308 p.
1072 3222 1145 3288 315.

147 3304 186 3369 Ο.
208 3319 341 3373 constat.
406 3310 525 3396 'ppiam
550 3312 633 3376 enim
657 3311 836 3395 accepimus
858 3308 1049 3376 Socraticam
1075 3307 1145 3370 dis·

147 3391 272 3455 serendi
301 3391 502 3461 subtilitatem
528 3397 632 3460 minus
658 3395 835 3474 curavisse,
863 3395 956 3462 unice
979 3391 1083 3458 reriee
1105 3412 1144 3454 ac

147 3471 328 3558 multiplicis
353 3477 514 3543 doetrinae
541 3481 663 3565 copiam
685 3484 718 3545 et
743 3481 977 3565 amplitudinem
996 3474 1147 3541 laudasse

148 3568 180 3621 et
206 3569 389 3638 ostentasse,
418 3562 458 3627 de
485 3583 547 3646 qua
572 3586 607 3629 re
633 3564 666 3628 in
686 3564 888 3631 Praefatione
915 3565 957 3631 ad
975 3572 1146 3645 unumque

149 3641 301 3729 Hippiam
321 3641 462 3712 Platonis
484 3670 503 3710 a
524 3647 616 3712 nobis
636 3651 828 3736 explicatum
850 3663 907 3716 est
940 3647 1027 3731 Quid
1048 3646 1148 3735 igitur

149 3729 286 3819 mirum,
312 3729 396 3812 quod
428 3730 670 3817 Eryximaohus-
694 3757 819 3821 quoque
851 3735 1011 3801 doetrinae
1039 3732 1150 3818 copias

150 3836 246 3903 quam
265 3813 417 3880 maximas
438 3817 593 3905 explicare
613 3818 751 3885 institunt
771 3828 803 3883 et
822 3818 856 3883 in
877 3842 985 3897 earum
1007 3828 1147 3884 ostenta-

150 3901 235 3966 tione
257 3911 321 3967 tam
339 3899 478 3967 lucidum
498 3905 740 3991 argumentandi
765 3900 906 3969 ordinem
927 3928 1025 3991 quam
1046 3901 1148 3971 subti-

150 3984 258 4053 liorem
273 3985 502 4053 distinctionem
516 3988 643 4076 generis
657 3999 751 4073 atque
765 3987 890 4097 formae!
902 3988 1018 4057 amoris
1032 4011 1149 4077 prope-
