<?xml version="1.0" encoding="UTF-8"?>
<!DOCTYPE html PUBLIC "-//W3C//DTD XHTML 1.0 Transitional//EN"
    "http://www.w3.org/TR/xhtml1/DTD/xhtml1-transitional.dtd">
<html xmlns="http://www.w3.org/1999/xhtml" xml:lang="en" lang="en">
 <head>
  <title>
</title>
<meta http-equiv="Content-Type" content="text/html;charset=utf-8" />
  <meta name='ocr-system' content='tesseract 3.04.00' />
  <meta name='ocr-capabilities' content='ocr_page ocr_carea ocr_par ocr_line ocrx_word'/>
</head>
<body>
  <div class='ocr_page' id='page_1' title='image "./platonisoperaom00stalgoog_0375.png"; bbox 0 0 2604 4620; ppageno 0'>
   <div class='ocr_carea' id='block_1_1' title="bbox 219 241 866 297">
    <p class='ocr_par' dir='ltr' id='par_1_1' title="bbox 219 241 866 297">
     <span class='ocr_line' id='line_1_1' title="bbox 219 241 866 297; baseline -0.012 0"><span class='ocrx_word' id='word_1_1' title='bbox 219 248 312 297; x_wconf 78' lang='lat' dir='ltr'><strong>xvm</strong></span> <span class='ocrx_word' id='word_1_2' title='bbox 593 241 866 292; x_wconf 73' lang='lat' dir='ltr'><strong>Pnonndonnnn</strong></span> 
     </span>
    </p>
   </div>
   <div class='ocr_carea' id='block_1_2' title="bbox 97 395 1278 2427">
    <p class='ocr_par' dir='ltr' id='par_1_2' title="bbox 218 395 1253 633">
     <span class='ocr_line' id='line_1_2' title="bbox 218 395 1253 486; baseline -0.001 -21"><span class='ocrx_word' id='word_1_3' title='bbox 218 396 412 465; x_wconf 74' lang='lat' dir='ltr'><strong>ducentibus</strong></span> <span class='ocrx_word' id='word_1_4' title='bbox 436 397 530 463; x_wconf 87' lang='lat' dir='ltr'><strong>nobis</strong></span> <span class='ocrx_word' id='word_1_5' title='bbox 556 395 752 480; x_wconf 81' lang='lat' dir='ltr'><strong>quaestionis</strong></span> <span class='ocrx_word' id='word_1_6' title='bbox 773 406 903 461; x_wconf 90' lang='lat' dir='ltr'><strong>nostrae</strong></span> <span class='ocrx_word' id='word_1_7' title='bbox 925 395 1094 463; x_wconf 85' lang='lat' dir='ltr'><strong>exordium</strong></span> <span class='ocrx_word' id='word_1_8' title='bbox 1116 410 1253 486; x_wconf 67' lang='lat' dir='ltr'><strong>sperare</strong></span> 
     </span>
     <span class='ocr_line' id='line_1_3' title="bbox 221 478 1251 557; baseline -0.007 -8"><span class='ocrx_word' id='word_1_9' title='bbox 221 507 298 550; x_wconf 89' lang='lat' dir='ltr'><strong>sane</strong></span> <span class='ocrx_word' id='word_1_10' title='bbox 324 483 400 548; x_wconf 89' lang='lat' dir='ltr'><strong>licet</strong></span> <span class='ocrx_word' id='word_1_11' title='bbox 422 482 568 546; x_wconf 87' lang='lat' dir='ltr'><strong>futurum</strong></span> <span class='ocrx_word' id='word_1_12' title='bbox 592 503 679 557; x_wconf 88' lang='lat' dir='ltr'><strong>csse,</strong></span> <span class='ocrx_word' id='word_1_13' title='bbox 710 491 747 545; x_wconf 92' lang='lat' dir='ltr'><strong>ut</strong></span> <span class='ocrx_word' id='word_1_14' title='bbox 773 481 821 545; x_wconf 89' lang='lat' dir='ltr'><strong>rei</strong></span> <span class='ocrx_word' id='word_1_15' title='bbox 846 478 1004 547; x_wconf 86' lang='lat' dir='ltr'><strong>obscurae</strong></span> <span class='ocrx_word' id='word_1_16' title='bbox 1028 481 1085 547; x_wconf 84' lang='lat' dir='ltr'><strong>lux</strong></span> <span class='ocrx_word' id='word_1_17' title='bbox 1112 504 1174 551; x_wconf 85' lang='lat' dir='ltr'><strong>sna</strong></span> <span class='ocrx_word' id='word_1_18' title='bbox 1198 489 1251 553; x_wconf 70' lang='lat' dir='ltr'><strong>af.</strong></span> 
     </span>
     <span class='ocr_line' id='line_1_4' title="bbox 224 569 1072 633; baseline -0.004 0"><span class='ocrx_word' id='word_1_19' title='bbox 224 569 389 633; x_wconf 84' lang='lat' dir='ltr'><strong>fundatur.</strong></span> <span class='ocrx_word' id='word_1_20' title='bbox 1068 592 1072 599; x_wconf 91' lang='lat'>·</span> 
     </span>
    </p>

    <p class='ocr_par' dir='ltr' id='par_1_3' title="bbox 97 645 1248 807">
     <span class='ocr_line' id='line_1_5' title="bbox 263 645 1248 738; baseline 0 -21"><span class='ocrx_word' id='word_1_21' title='bbox 263 650 354 733; x_wconf 81' lang='lat' dir='ltr'><strong>Quid</strong></span> <span class='ocrx_word' id='word_1_22' title='bbox 379 651 480 738; x_wconf 81' lang='lat' dir='ltr'><strong>igitur</strong></span> <span class='ocrx_word' id='word_1_23' title='bbox 506 648 586 714; x_wconf 91' lang='lat' dir='ltr'><strong>illud</strong></span> <span class='ocrx_word' id='word_1_24' title='bbox 613 658 679 725; x_wconf 91' lang='lat' dir='ltr'><strong>est,</strong></span> <span class='ocrx_word' id='word_1_25' title='bbox 707 645 795 732; x_wconf 91' lang='lat' dir='ltr'><strong>quod</strong></span> <span class='ocrx_word' id='word_1_26' title='bbox 816 647 877 713; x_wconf 89' lang='lat' dir='ltr'><strong>hac</strong></span> <span class='ocrx_word' id='word_1_27' title='bbox 899 649 1044 714; x_wconf 84' lang='lat' dir='ltr'><strong>oratione</strong></span> <span class='ocrx_word' id='word_1_28' title='bbox 1065 648 1248 722; x_wconf 79' lang='lat' dir='ltr'><strong>a&#39;Soorate</strong></span> 
     </span>
     <span class='ocr_line' id='line_1_6' title="bbox 97 732 1247 807; baseline 0.001 -5"><span class='ocrx_word' id='word_1_29' title='bbox 97 802 100 807; x_wconf 86' lang='grc'><strong>,</strong></span> <span class='ocrx_word' id='word_1_30' title='bbox 219 736 272 802; x_wconf 84' lang='lat' dir='ltr'><strong>vel</strong></span> <span class='ocrx_word' id='word_1_31' title='bbox 335 735 399 801; x_wconf 88' lang='lat' dir='ltr'><strong>tius</strong></span> <span class='ocrx_word' id='word_1_32' title='bbox 420 734 463 800; x_wconf 88' lang='lat' dir='ltr'><strong>ab</strong></span> <span class='ocrx_word' id='word_1_33' title='bbox 487 734 499 799; x_wconf 91' lang='lat' dir='ltr'><strong>i</strong></span> <span class='ocrx_word' id='word_1_34' title='bbox 523 756 559 799; x_wconf 91' lang='lat' dir='ltr'><strong>so</strong></span> <span class='ocrx_word' id='word_1_35' title='bbox 579 732 717 798; x_wconf 89' lang='lat' dir='ltr'><strong>Platone</strong></span> <span class='ocrx_word' id='word_1_36' title='bbox 742 732 942 798; x_wconf 83' lang='lat' dir='ltr'><strong>illustratur?</strong></span> <span class='ocrx_word' id='word_1_37' title='bbox 977 732 1140 803; x_wconf 88' lang='lat' dir='ltr'><strong>Nimirum</strong></span> <span class='ocrx_word' id='word_1_38' title='bbox 1166 740 1247 805; x_wconf 82' lang='lat' dir='ltr'><strong>nihil</strong></span> 
     </span>
    </p>

    <p class='ocr_par' dir='ltr' id='par_1_4' title="bbox 148 756 1244 1581">
     <span class='ocr_line' id='line_1_7' title="bbox 220 756 1244 907; baseline 0 -22"><span class='ocrx_word' id='word_1_39' title='bbox 220 820 286 886; x_wconf 86' lang='lat' dir='ltr'><strong>aliu</strong></span> <span class='ocrx_word' id='word_1_40' title='bbox 337 819 479 905; x_wconf 85' lang='lat' dir='ltr'><strong>profecto</strong></span> <span class='ocrx_word' id='word_1_41' title='bbox 499 756 560 883; x_wconf 79' lang='lat' dir='ltr'><strong>hic</strong></span> <span class='ocrx_word' id='word_1_42' title='bbox 581 817 704 905; x_wconf 81' lang='lat' dir='ltr'><strong>agitur,</strong></span> <span class='ocrx_word' id='word_1_43' title='bbox 733 839 829 900; x_wconf 91' lang='lat' dir='ltr'><strong>quam</strong></span> <span class='ocrx_word' id='word_1_44' title='bbox 851 827 889 881; x_wconf 86' lang='lat' dir='ltr'><strong>ut</strong></span> <span class='ocrx_word' id='word_1_45' title='bbox 910 819 1114 899; x_wconf 69' lang='lat' dir='ltr'><strong>ostendatur,</strong></span> <span class='ocrx_word' id='word_1_46' title='bbox 1143 843 1244 907; x_wconf 80' lang='lat' dir='ltr'><strong>qnas-</strong></span> 
     </span>
     <span class='ocr_line' id='line_1_8' title="bbox 221 900 1244 987; baseline 0.005 -17"><span class='ocrx_word' id='word_1_47' title='bbox 221 928 297 970; x_wconf 89' lang='lat' dir='ltr'><strong>nam</strong></span> <span class='ocrx_word' id='word_1_48' title='bbox 325 904 374 969; x_wconf 90' lang='lat' dir='ltr'><strong>vis</strong></span> <span class='ocrx_word' id='word_1_49' title='bbox 402 914 434 968; x_wconf 89' lang='lat' dir='ltr'><strong>et</strong></span> <span class='ocrx_word' id='word_1_50' title='bbox 458 913 575 967; x_wconf 88' lang='lat' dir='ltr'><strong>natura</strong></span> <span class='ocrx_word' id='word_1_51' title='bbox 603 902 644 967; x_wconf 88' lang='lat' dir='ltr'><strong>sit</strong></span> <span class='ocrx_word' id='word_1_52' title='bbox 670 902 788 967; x_wconf 89' lang='lat' dir='ltr'><strong>amoris</strong></span> <span class='ocrx_word' id='word_1_53' title='bbox 814 900 996 987; x_wconf 87' lang='lat' dir='ltr'><strong>philosophi</strong></span> <span class='ocrx_word' id='word_1_54' title='bbox 1023 915 1058 969; x_wconf 86' lang='lat' dir='ltr'><strong>et</strong></span> <span class='ocrx_word' id='word_1_55' title='bbox 1104 908 1244 975; x_wconf 79' lang='lat' dir='ltr'><strong>uomodo</strong></span> 
     </span>
     <span class='ocr_line' id='line_1_9' title="bbox 220 985 1244 1072; baseline -0.002 -19"><span class='ocrx_word' id='word_1_56' title='bbox 220 990 264 1053; x_wconf 88' lang='lat' dir='ltr'><strong>ad</strong></span> <span class='ocrx_word' id='word_1_57' title='bbox 292 1011 366 1055; x_wconf 90' lang='lat' dir='ltr'><strong>eum</strong></span> <span class='ocrx_word' id='word_1_58' title='bbox 394 987 611 1072; x_wconf 84' lang='lat' dir='ltr'><strong>perveniatur.</strong></span> <span class='ocrx_word' id='word_1_59' title='bbox 651 985 736 1051; x_wconf 86' lang='lat' dir='ltr'><strong>Nam</strong></span> <span class='ocrx_word' id='word_1_60' title='bbox 761 986 901 1072; x_wconf 87' lang='lat' dir='ltr'><strong>primum</strong></span> <span class='ocrx_word' id='word_1_61' title='bbox 934 986 1065 1071; x_wconf 89' lang='lat' dir='ltr'><strong>quidem</strong></span> <span class='ocrx_word' id='word_1_62' title='bbox 1119 1002 1244 1057; x_wconf 75' lang='lat' dir='ltr'><strong>cerates</strong></span> 
     </span>
     <span class='ocr_line' id='line_1_10' title="bbox 221 1071 1241 1157; baseline 0.005 -20"><span class='ocrx_word' id='word_1_63' title='bbox 221 1074 340 1137; x_wconf 82' lang='lat' dir='ltr'><strong>amoris</strong></span> <span class='ocrx_word' id='word_1_64' title='bbox 361 1083 509 1136; x_wconf 82' lang='lat' dir='ltr'><strong>naturam</strong></span> <span class='ocrx_word' id='word_1_65' title='bbox 529 1071 623 1135; x_wconf 88' lang='lat' dir='ltr'><strong>docet</strong></span> <span class='ocrx_word' id='word_1_66' title='bbox 644 1094 714 1135; x_wconf 90' lang='lat' dir='ltr'><strong>eam</strong></span> <span class='ocrx_word' id='word_1_67' title='bbox 735 1093 817 1149; x_wconf 90' lang='lat' dir='ltr'><strong>esse,</strong></span> <span class='ocrx_word' id='word_1_68' title='bbox 839 1092 923 1155; x_wconf 88' lang='lat' dir='ltr'><strong>quae</strong></span> <span class='ocrx_word' id='word_1_69' title='bbox 945 1093 1072 1157; x_wconf 88' lang='lat' dir='ltr'><strong>semper</strong></span> <span class='ocrx_word' id='word_1_70' title='bbox 1091 1074 1136 1137; x_wconf 88' lang='lat' dir='ltr'><strong>ad</strong></span> <span class='ocrx_word' id='word_1_71' title='bbox 1156 1076 1241 1141; x_wconf 88' lang='lat' dir='ltr'><strong>aliud</strong></span> 
     </span>
     <span class='ocr_line' id='line_1_11' title="bbox 148 1150 1242 1244; baseline 0.003 -22"><span class='ocrx_word' id='word_1_72' title='bbox 148 1166 153 1175; x_wconf 87' lang='grc'><strong><em>’</em></strong></span> <span class='ocrx_word' id='word_1_73' title='bbox 220 1158 300 1241; x_wconf 87' lang='lat' dir='ltr'><strong>quid</strong></span> <span class='ocrx_word' id='word_1_74' title='bbox 326 1157 501 1232; x_wconf 79' lang='lat' dir='ltr'><strong>referatur,</strong></span> <span class='ocrx_word' id='word_1_75' title='bbox 531 1164 628 1238; x_wconf 89' lang='lat' dir='ltr'><strong>atque</strong></span> <span class='ocrx_word' id='word_1_76' title='bbox 654 1157 742 1219; x_wconf 90' lang='lat' dir='ltr'><strong>cerni</strong></span> <span class='ocrx_word' id='word_1_77' title='bbox 767 1155 802 1219; x_wconf 90' lang='lat' dir='ltr'><strong>in</strong></span> <span class='ocrx_word' id='word_1_78' title='bbox 829 1155 989 1221; x_wconf 86' lang='lat' dir='ltr'><strong>desiderio</strong></span> <span class='ocrx_word' id='word_1_79' title='bbox 1010 1150 1117 1242; x_wconf 85' lang='lat' dir='ltr'><strong>pulcri</strong></span> <span class='ocrx_word' id='word_1_80' title='bbox 1143 1180 1242 1244; x_wconf 88' lang='lat' dir='ltr'><strong>quum</strong></span> 
     </span>
     <span class='ocr_line' id='line_1_12' title="bbox 219 1239 1241 1329; baseline 0.001 -22"><span class='ocrx_word' id='word_1_81' title='bbox 219 1242 353 1329; x_wconf 90' lang='lat' dir='ltr'><strong>proprio</strong></span> <span class='ocrx_word' id='word_1_82' title='bbox 373 1240 482 1306; x_wconf 90' lang='lat' dir='ltr'><strong>animo</strong></span> <span class='ocrx_word' id='word_1_83' title='bbox 505 1239 712 1324; x_wconf 88' lang='lat' dir='ltr'><strong>suscipiendi,</strong></span> <span class='ocrx_word' id='word_1_84' title='bbox 734 1250 802 1304; x_wconf 91' lang='lat' dir='ltr'><strong>tum</strong></span> <span class='ocrx_word' id='word_1_85' title='bbox 824 1239 859 1304; x_wconf 92' lang='lat' dir='ltr'><strong>in</strong></span> <span class='ocrx_word' id='word_1_86' title='bbox 880 1241 1014 1306; x_wconf 86' lang='lat' dir='ltr'><strong>aliorum</strong></span> <span class='ocrx_word' id='word_1_87' title='bbox 1033 1242 1152 1309; x_wconf 86' lang='lat' dir='ltr'><strong>animis</strong></span> <span class='ocrx_word' id='word_1_88' title='bbox 1166 1244 1241 1329; x_wconf 80' lang='lat' dir='ltr'><strong>pro&#39;-</strong></span> 
     </span>
     <span class='ocr_line' id='line_1_13' title="bbox 220 1324 1243 1423; baseline 0.001 -31"><span class='ocrx_word' id='word_1_89' title='bbox 220 1327 359 1392; x_wconf 88' lang='lat' dir='ltr'><strong>creandi.</strong></span> <span class='ocrx_word' id='word_1_90' title='bbox 398 1324 473 1407; x_wconf 80' lang='lat' dir='ltr'><strong>Quo</strong></span> <span class='ocrx_word' id='word_1_91' title='bbox 498 1324 582 1389; x_wconf 84' lang='lat' dir='ltr'><strong>sacto</strong></span> <span class='ocrx_word' id='word_1_92' title='bbox 608 1324 794 1422; x_wconf 84' lang='lat' dir='ltr'><strong>panduntur</strong></span> <span class='ocrx_word' id='word_1_93' title='bbox 820 1325 914 1423; x_wconf 79' lang='lat' dir='ltr'><strong>qussi</strong></span> <span class='ocrx_word' id='word_1_94' title='bbox 941 1325 1059 1392; x_wconf 85' lang='lat' dir='ltr'><strong>amoris</strong></span> <span class='ocrx_word' id='word_1_95' title='bbox 1087 1329 1243 1413; x_wconf 84' lang='lat' dir='ltr'><strong>mysteria</strong></span> 
     </span>
     <span class='ocr_line' id='line_1_14' title="bbox 179 1409 1242 1495; baseline 0.002 -19"><span class='ocrx_word' id='word_1_96' title='bbox 179 1428 189 1459; x_wconf 86' lang='grc'><strong>·’</strong></span> <span class='ocrx_word' id='word_1_97' title='bbox 220 1434 260 1476; x_wconf 90' lang='lat' dir='ltr'><strong>ac</strong></span> <span class='ocrx_word' id='word_1_98' title='bbox 288 1412 437 1488; x_wconf 78' lang='lat' dir='ltr'><strong>docetur,</strong></span> <span class='ocrx_word' id='word_1_99' title='bbox 467 1431 533 1493; x_wconf 90' lang='lat' dir='ltr'><strong>qua</strong></span> <span class='ocrx_word' id='word_1_100' title='bbox 558 1419 679 1474; x_wconf 81' lang='lat' dir='ltr'><strong>rotrone</strong></span> <span class='ocrx_word' id='word_1_101' title='bbox 706 1409 871 1495; x_wconf 76' lang='lat' dir='ltr'><strong>paullatim</strong></span> <span class='ocrx_word' id='word_1_102' title='bbox 898 1409 940 1473; x_wconf 91' lang='lat' dir='ltr'><strong>ad</strong></span> <span class='ocrx_word' id='word_1_103' title='bbox 968 1432 1129 1477; x_wconf 91' lang='lat' dir='ltr'><strong>summum</strong></span> <span class='ocrx_word' id='word_1_104' title='bbox 1156 1412 1242 1478; x_wconf 88' lang='lat' dir='ltr'><strong>illius</strong></span> 
     </span>
     <span class='ocr_line' id='line_1_15' title="bbox 220 1494 609 1581; baseline -0.008 -21"><span class='ocrx_word' id='word_1_105' title='bbox 220 1495 388 1581; x_wconf 83' lang='lat' dir='ltr'><strong>fastigium</strong></span> <span class='ocrx_word' id='word_1_106' title='bbox 408 1494 609 1560; x_wconf 88' lang='lat' dir='ltr'><strong>escendatur.</strong></span> 
     </span>
    </p>

    <p class='ocr_par' dir='ltr' id='par_1_5' title="bbox 176 1576 1278 2427">
     <span class='ocr_line' id='line_1_16' title="bbox 263 1576 1240 1665; baseline 0.003 -21"><span class='ocrx_word' id='word_1_107' title='bbox 263 1578 396 1644; x_wconf 83' lang='lat' dir='ltr'><strong>Etenim</strong></span> <span class='ocrx_word' id='word_1_108' title='bbox 419 1579 545 1665; x_wconf 90' lang='lat' dir='ltr'><strong>philoso</strong></span> <span class='ocrx_word' id='word_1_109' title='bbox 568 1578 623 1643; x_wconf 92' lang='lat' dir='ltr'><strong>hia</strong></span> <span class='ocrx_word' id='word_1_110' title='bbox 645 1599 745 1661; x_wconf 91' lang='lat' dir='ltr'><strong>quum</strong></span> <span class='ocrx_word' id='word_1_111' title='bbox 766 1576 912 1644; x_wconf 89' lang='lat' dir='ltr'><strong>Platonis</strong></span> <span class='ocrx_word' id='word_1_112' title='bbox 936 1578 1057 1645; x_wconf 87' lang='lat' dir='ltr'><strong>iudicio</strong></span> <span class='ocrx_word' id='word_1_113' title='bbox 1079 1580 1240 1647; x_wconf 81' lang='lat' dir='ltr'><strong>continea-</strong></span> 
     </span>
     <span class='ocr_line' id='line_1_17' title="bbox 203 1600 1241 1752; baseline 0.002 -24"><span class='ocrx_word' id='word_1_114' title='bbox 203 1674 276 1729; x_wconf 89' lang='lat' dir='ltr'><strong>·tur</strong></span> <span class='ocrx_word' id='word_1_115' title='bbox 308 1663 434 1728; x_wconf 80' lang='lat' dir='ltr'><strong>infinita</strong></span> <span class='ocrx_word' id='word_1_116' title='bbox 464 1600 603 1747; x_wconf 58' lang='lat' dir='ltr'><strong>qunssm</strong></span> <span class='ocrx_word' id='word_1_117' title='bbox 631 1662 774 1727; x_wconf 87' lang='lat' dir='ltr'><strong>veritatis</strong></span> <span class='ocrx_word' id='word_1_118' title='bbox 799 1684 837 1727; x_wconf 91' lang='lat' dir='ltr'><strong>co</strong></span> <span class='ocrx_word' id='word_1_119' title='bbox 883 1662 1043 1729; x_wconf 84' lang='lat' dir='ltr'><strong>oscendae</strong></span> <span class='ocrx_word' id='word_1_120' title='bbox 1067 1664 1241 1752; x_wconf 81' lang='lat' dir='ltr'><strong>cupiditate</strong></span> 
     </span>
     <span class='ocr_line' id='line_1_18' title="bbox 221 1746 1241 1847; baseline 0.002 -34"><span class='ocrx_word' id='word_1_121' title='bbox 221 1759 319 1833; x_wconf 89' lang='lat' dir='ltr'><strong>atque</strong></span> <span class='ocrx_word' id='word_1_122' title='bbox 340 1748 447 1814; x_wconf 86' lang='lat' dir='ltr'><strong>studio</strong></span> <span class='ocrx_word' id='word_1_123' title='bbox 470 1746 665 1834; x_wconf 89' lang='lat' dir='ltr'><strong>sapientiae,</strong></span> <span class='ocrx_word' id='word_1_124' title='bbox 686 1746 833 1847; x_wconf 76' lang='lat' dir='ltr'><strong>philosop</strong></span> <span class='ocrx_word' id='word_1_125' title='bbox 856 1769 895 1811; x_wconf 90' lang='lat' dir='ltr'><strong>us</strong></span> <span class='ocrx_word' id='word_1_126' title='bbox 917 1747 1101 1835; x_wconf 77' lang='lat' dir='ltr'><strong>evulgatis</strong></span> <span class='ocrx_word' id='word_1_127' title='bbox 1122 1750 1241 1815; x_wconf 77' lang='lat' dir='ltr'><strong>amoris</strong></span> 
     </span>
     <span class='ocr_line' id='line_1_19' title="bbox 176 1832 1278 1918; baseline -0.002 -19"><span class='ocrx_word' id='word_1_128' title='bbox 176 1888 185 1899; x_wconf 77' lang='grc'><em>,</em></span> <span class='ocrx_word' id='word_1_129' title='bbox 222 1832 341 1898; x_wconf 85' lang='lat' dir='ltr'><strong>affectu</strong></span> <span class='ocrx_word' id='word_1_130' title='bbox 366 1832 598 1898; x_wconf 90' lang='lat' dir='ltr'><strong>considerando</strong></span> <span class='ocrx_word' id='word_1_131' title='bbox 626 1836 788 1918; x_wconf 84' lang='lat' dir='ltr'><strong>proiectus</strong></span> <span class='ocrx_word' id='word_1_132' title='bbox 815 1854 889 1896; x_wconf 88' lang='lat' dir='ltr'><strong>cum</strong></span> <span class='ocrx_word' id='word_1_133' title='bbox 919 1842 1026 1897; x_wconf 87' lang='lat' dir='ltr'><strong>mente</strong></span> <span class='ocrx_word' id='word_1_134' title='bbox 1055 1832 1242 1899; x_wconf 78' lang='lat' dir='ltr'><strong>informavit</strong></span> <span class='ocrx_word' id='word_1_135' title='bbox 1275 1868 1278 1875; x_wconf 96' lang='lat'>·</span> 
     </span>
     <span class='ocr_line' id='line_1_20' title="bbox 221 1915 1240 2002; baseline -0.001 -19"><span class='ocrx_word' id='word_1_136' title='bbox 221 1940 373 1996; x_wconf 91' lang='lat' dir='ltr'><strong>amorem,</strong></span> <span class='ocrx_word' id='word_1_137' title='bbox 395 1917 452 2002; x_wconf 92' lang='lat' dir='ltr'><strong>qui</strong></span> <span class='ocrx_word' id='word_1_138' title='bbox 473 1941 493 1981; x_wconf 92' lang='lat' dir='ltr'><strong>a</strong></span> <span class='ocrx_word' id='word_1_139' title='bbox 513 1940 622 1982; x_wconf 87' lang='lat' dir='ltr'><strong>rerum</strong></span> <span class='ocrx_word' id='word_1_140' title='bbox 642 1915 703 1981; x_wconf 90' lang='lat' dir='ltr'><strong>sub</strong></span> <span class='ocrx_word' id='word_1_141' title='bbox 726 1937 841 1981; x_wconf 88' lang='lat' dir='ltr'><strong>sensus</strong></span> <span class='ocrx_word' id='word_1_142' title='bbox 863 1915 1076 1983; x_wconf 83' lang='lat' dir='ltr'><strong>subiectarum</strong></span> <span class='ocrx_word' id='word_1_143' title='bbox 1096 1917 1240 1982; x_wconf 75' lang='lat' dir='ltr'><strong>somna·</strong></span> 
     </span>
     <span class='ocr_line' id='line_1_21' title="bbox 222 1998 1240 2087; baseline -0.001 -21"><span class='ocrx_word' id='word_1_144' title='bbox 222 2002 307 2067; x_wconf 89' lang='lat' dir='ltr'><strong>tione</strong></span> <span class='ocrx_word' id='word_1_145' title='bbox 336 2014 490 2068; x_wconf 87' lang='lat' dir='ltr'><strong>avocatus</strong></span> <span class='ocrx_word' id='word_1_146' title='bbox 518 2011 604 2067; x_wconf 88' lang='lat' dir='ltr'><strong>totus</strong></span> <span class='ocrx_word' id='word_1_147' title='bbox 631 2000 807 2087; x_wconf 84' lang='lat' dir='ltr'><strong>pertineret</strong></span> <span class='ocrx_word' id='word_1_148' title='bbox 834 2001 877 2066; x_wconf 84' lang='lat' dir='ltr'><strong>sd</strong></span> <span class='ocrx_word' id='word_1_149' title='bbox 906 1999 1046 2066; x_wconf 89' lang='lat' dir='ltr'><strong>studium</strong></span> <span class='ocrx_word' id='word_1_150' title='bbox 1072 1998 1240 2066; x_wconf 75' lang='lat' dir='ltr'><strong>absolutae</strong></span> 
     </span>
     <span class='ocr_line' id='line_1_22' title="bbox 222 2084 1242 2172; baseline 0 -21"><span class='ocrx_word' id='word_1_151' title='bbox 222 2087 378 2163; x_wconf 77' lang='lat' dir='ltr'><strong>veritatis,</strong></span> <span class='ocrx_word' id='word_1_152' title='bbox 400 2085 626 2172; x_wconf 86' lang='lat' dir='ltr'><strong>pulcritudinis</strong></span> <span class='ocrx_word' id='word_1_153' title='bbox 648 2096 681 2149; x_wconf 86' lang='lat' dir='ltr'><strong>ct</strong></span> <span class='ocrx_word' id='word_1_154' title='bbox 699 2084 861 2163; x_wconf 87' lang='lat' dir='ltr'><strong>bonitatis,</strong></span> <span class='ocrx_word' id='word_1_155' title='bbox 884 2086 990 2171; x_wconf 79' lang='lat' dir='ltr'><strong>qualis</strong></span> <span class='ocrx_word' id='word_1_156' title='bbox 1002 2084 1096 2151; x_wconf 87' lang='lat' dir='ltr'><strong>unice</strong></span> <span class='ocrx_word' id='word_1_157' title='bbox 1107 2084 1145 2149; x_wconf 86' lang='lat' dir='ltr'><strong>in</strong></span> <span class='ocrx_word' id='word_1_158' title='bbox 1157 2084 1242 2151; x_wconf 87' lang='lat' dir='ltr'><strong>ideis</strong></span> 
     </span>
     <span class='ocr_line' id='line_1_23' title="bbox 224 2168 1240 2254; baseline 0.001 -20"><span class='ocrx_word' id='word_1_159' title='bbox 224 2170 291 2235; x_wconf 89' lang='lat' dir='ltr'><strong>sive</strong></span> <span class='ocrx_word' id='word_1_160' title='bbox 318 2170 416 2236; x_wconf 88' lang='lat' dir='ltr'><strong>rebus</strong></span> <span class='ocrx_word' id='word_1_161' title='bbox 443 2170 560 2234; x_wconf 88' lang='lat' dir='ltr'><strong>divinis</strong></span> <span class='ocrx_word' id='word_1_162' title='bbox 589 2180 784 2235; x_wconf 85' lang='lat' dir='ltr'><strong>cerneretur.</strong></span> <span class='ocrx_word' id='word_1_163' title='bbox 815 2168 916 2251; x_wconf 71' lang='lat' dir='ltr'><strong>¹Qum</strong></span> <span class='ocrx_word' id='word_1_164' title='bbox 941 2169 1072 2254; x_wconf 89' lang='lat' dir='ltr'><strong>quidem</strong></span> <span class='ocrx_word' id='word_1_165' title='bbox 1118 2169 1240 2236; x_wconf 89' lang='lat' dir='ltr'><strong>hiloso-</strong></span> 
     </span>
     <span class='ocr_line' id='line_1_24' title="bbox 246 2253 1241 2339; baseline 0.002 -22"><span class='ocrx_word' id='word_1_166' title='bbox 246 2253 344 2318; x_wconf 91' lang='lat' dir='ltr'><strong>handi</strong></span> <span class='ocrx_word' id='word_1_167' title='bbox 363 2253 444 2319; x_wconf 86' lang='lat' dir='ltr'><strong>ratio</strong></span> <span class='ocrx_word' id='word_1_168' title='bbox 459 2255 665 2339; x_wconf 83' lang='lat' dir='ltr'><strong>quantumvis</strong></span> <span class='ocrx_word' id='word_1_169' title='bbox 687 2277 706 2318; x_wconf 92' lang='lat' dir='ltr'><strong>a</strong></span> <span class='ocrx_word' id='word_1_170' title='bbox 727 2265 911 2323; x_wconf 85' lang='lat' dir='ltr'><strong>nostrorum</strong></span> <span class='ocrx_word' id='word_1_171' title='bbox 932 2265 1088 2324; x_wconf 88' lang='lat' dir='ltr'><strong>consuetu</strong></span> <span class='ocrx_word' id='word_1_172' title='bbox 1111 2255 1163 2321; x_wconf 78' lang='lat' dir='ltr'><strong>‘ne</strong></span> <span class='ocrx_word' id='word_1_173' title='bbox 1184 2254 1241 2329; x_wconf 84' lang='lat' dir='ltr'><strong>ab·</strong></span> 
     </span>
     <span class='ocr_line' id='line_1_25' title="bbox 222 2278 1244 2427; baseline 0.002 -25"><span class='ocrx_word' id='word_1_174' title='bbox 222 2278 361 2417; x_wconf 74' lang='lat' dir='ltr'><strong>horreat,</strong></span> <span class='ocrx_word' id='word_1_175' title='bbox 384 2348 489 2404; x_wconf 83' lang='lat' dir='ltr'><strong>tomen</strong></span> <span class='ocrx_word' id='word_1_176' title='bbox 506 2336 642 2405; x_wconf 89' lang='lat' dir='ltr'><strong>Graccis</strong></span> <span class='ocrx_word' id='word_1_177' title='bbox 662 2339 744 2403; x_wconf 89' lang='lat' dir='ltr'><strong>mira</strong></span> <span class='ocrx_word' id='word_1_178' title='bbox 766 2339 912 2405; x_wconf 85' lang='lat' dir='ltr'><strong>accidere</strong></span> <span class='ocrx_word' id='word_1_179' title='bbox 932 2362 997 2405; x_wconf 90' lang='lat' dir='ltr'><strong>non</strong></span> <span class='ocrx_word' id='word_1_180' title='bbox 1018 2339 1133 2427; x_wconf 89' lang='lat' dir='ltr'><strong>potuit,</strong></span> <span class='ocrx_word' id='word_1_181' title='bbox 1156 2339 1244 2426; x_wconf 87' lang='lat' dir='ltr'><strong>apud</strong></span> 
     </span>
    </p>
   </div>
   <div class='ocr_carea' id='block_1_3' title="bbox 222 2422 1244 2657">
    <p class='ocr_par' dir='ltr' id='par_1_6' title="bbox 222 2422 1244 2657">
     <span class='ocr_line' id='line_1_26' title="bbox 222 2422 1244 2573; baseline 0.003 -85"><span class='ocrx_word' id='word_1_182' title='bbox 222 2446 305 2573; x_wconf 62' lang='lat' dir='ltr'><strong>¹ppos</strong></span> <span class='ocrx_word' id='word_1_183' title='bbox 327 2425 354 2489; x_wconf 91' lang='lat' dir='ltr'><strong>si</strong></span> <span class='ocrx_word' id='word_1_184' title='bbox 381 2422 619 2488; x_wconf 84' lang='lat' dir='ltr'><strong>meminerimus</strong></span> <span class='ocrx_word' id='word_1_185' title='bbox 648 2424 751 2508; x_wconf 80' lang='lat' dir='ltr'><strong>qualis</strong></span> <span class='ocrx_word' id='word_1_186' title='bbox 778 2434 809 2489; x_wconf 91' lang='lat' dir='ltr'><strong>et</strong></span> <span class='ocrx_word' id='word_1_187' title='bbox 834 2447 932 2509; x_wconf 89' lang='lat' dir='ltr'><strong>quam</strong></span> <span class='ocrx_word' id='word_1_188' title='bbox 955 2424 1020 2491; x_wconf 78' lang='lat' dir='ltr'><strong>late</strong></span> <span class='ocrx_word' id='word_1_189' title='bbox 1045 2435 1244 2511; x_wconf 84' lang='lat' dir='ltr'><strong>pervagatus</strong></span> 
     </span>
     <span class='ocr_line' id='line_1_27' title="bbox 258 2508 1244 2657; baseline 0 -83"><span class='ocrx_word' id='word_1_190' title='bbox 258 2508 319 2574; x_wconf 90' lang='lat' dir='ltr'><strong>erit</strong></span> <span class='ocrx_word' id='word_1_191' title='bbox 346 2530 435 2572; x_wconf 81' lang='lat' dir='ltr'><strong>amor</strong></span> <span class='ocrx_word' id='word_1_192' title='bbox 462 2508 691 2586; x_wconf 88' lang='lat' dir='ltr'><strong>masculorum,</strong></span> <span class='ocrx_word' id='word_1_193' title='bbox 721 2508 760 2572; x_wconf 90' lang='lat' dir='ltr'><strong>dc</strong></span> <span class='ocrx_word' id='word_1_194' title='bbox 787 2531 852 2593; x_wconf 90' lang='lat' dir='ltr'><strong>quo</strong></span> <span class='ocrx_word' id='word_1_195' title='bbox 864 2519 951 2657; x_wconf 60' lang='lat' dir='ltr'><strong>post</strong></span> <span class='ocrx_word' id='word_1_196' title='bbox 976 2508 1055 2574; x_wconf 80' lang='lat' dir='ltr'><strong>ulios</strong></span> <span class='ocrx_word' id='word_1_197' title='bbox 1075 2508 1244 2593; x_wconf 85' lang='lat' dir='ltr'><strong>praeclare</strong></span> 
     </span>
    </p>
   </div>
   <div class='ocr_carea' id='block_1_4' title="bbox 221 2590 1243 3527">
    <p class='ocr_par' dir='ltr' id='par_1_7' title="bbox 221 2590 1243 3527">
     <span class='ocr_line' id='line_1_28' title="bbox 222 2590 1243 2679; baseline 0.003 -24"><span class='ocrx_word' id='word_1_198' title='bbox 222 2593 272 2658; x_wconf 90' lang='lat' dir='ltr'><strong>dis</strong></span> <span class='ocrx_word' id='word_1_199' title='bbox 297 2593 401 2657; x_wconf 89' lang='lat' dir='ltr'><strong>utavit</strong></span> <span class='ocrx_word' id='word_1_200' title='bbox 427 2591 636 2657; x_wconf 87' lang='lat' dir='ltr'><strong>Iaoobsius</strong></span> <span class='ocrx_word' id='word_1_201' title='bbox 662 2593 698 2656; x_wconf 90' lang='lat' dir='ltr'><strong>in</strong></span> <span class='ocrx_word' id='word_1_202' title='bbox 723 2590 821 2657; x_wconf 91' lang='lat' dir='ltr'><strong>libro:</strong></span> <span class='ocrx_word' id='word_1_203' title='bbox 891 2590 1243 2679; x_wconf 63' lang='lat' dir='ltr'><strong>ormeschte&#39;Schrrften</strong></span> 
     </span>
     <span class='ocr_line' id='line_1_29' title="bbox 223 2675 1243 2764; baseline 0.003 -24"><span class='ocrx_word' id='word_1_204' title='bbox 223 2676 263 2741; x_wconf 92' lang='lat' dir='ltr'><strong>P.</strong></span> <span class='ocrx_word' id='word_1_205' title='bbox 315 2725 322 2740; x_wconf 92' lang='lat'><strong>.</strong></span> <span class='ocrx_word' id='word_1_206' title='bbox 341 2700 374 2762; x_wconf 93' lang='lat' dir='ltr'><strong>p.</strong></span> <span class='ocrx_word' id='word_1_207' title='bbox 390 2677 452 2739; x_wconf 79' lang='lat'><strong>212</strong></span> <span class='ocrx_word' id='word_1_208' title='bbox 469 2699 550 2761; x_wconf 80' lang='lat' dir='ltr'><strong>sqq,</strong></span> <span class='ocrx_word' id='word_1_209' title='bbox 571 2699 610 2742; x_wconf 88' lang='lat' dir='ltr'><strong>uo</strong></span> <span class='ocrx_word' id='word_1_210' title='bbox 631 2689 757 2742; x_wconf 89' lang='lat' dir='ltr'><strong>nosmet</strong></span> <span class='ocrx_word' id='word_1_211' title='bbox 777 2678 841 2764; x_wconf 92' lang='lat' dir='ltr'><strong>ipsi</strong></span> <span class='ocrx_word' id='word_1_212' title='bbox 863 2678 958 2744; x_wconf 80' lang='lat' dir='ltr'><strong>etiam</strong></span> <span class='ocrx_word' id='word_1_213' title='bbox 976 2676 1011 2741; x_wconf 90' lang='lat' dir='ltr'><strong>in</strong></span> <span class='ocrx_word' id='word_1_214' title='bbox 1031 2675 1243 2763; x_wconf 87' lang='lat' dir='ltr'><strong>Prolegome·</strong></span> 
     </span>
     <span class='ocr_line' id='line_1_30' title="bbox 221 2759 1242 2861; baseline 0.003 -37"><span class='ocrx_word' id='word_1_215' title='bbox 221 2760 273 2825; x_wconf 87' lang='lat' dir='ltr'><strong>nis</strong></span> <span class='ocrx_word' id='word_1_216' title='bbox 294 2760 335 2824; x_wconf 87' lang='lat' dir='ltr'><strong>ad</strong></span> <span class='ocrx_word' id='word_1_217' title='bbox 357 2760 542 2826; x_wconf 88' lang='lat' dir='ltr'><strong>Phaedrum</strong></span> <span class='ocrx_word' id='word_1_218' title='bbox 562 2771 594 2826; x_wconf 90' lang='lat' dir='ltr'><strong>et</strong></span> <span class='ocrx_word' id='word_1_219' title='bbox 620 2762 734 2861; x_wconf 85' lang='lat' dir='ltr'><strong>paucis</strong></span> <span class='ocrx_word' id='word_1_220' title='bbox 760 2762 845 2827; x_wconf 87' lang='lat' dir='ltr'><strong>infra</strong></span> <span class='ocrx_word' id='word_1_221' title='bbox 872 2759 1117 2848; x_wconf 84' lang='lat' dir='ltr'><strong>explicabimus,</strong></span> <span class='ocrx_word' id='word_1_222' title='bbox 1147 2762 1242 2829; x_wconf 81' lang='lat' dir='ltr'><strong>facile</strong></span> 
     </span>
     <span class='ocr_line' id='line_1_31' title="bbox 222 2845 1243 2933; baseline 0.002 -23"><span class='ocrx_word' id='word_1_223' title='bbox 222 2845 452 2933; x_wconf 83' lang='lat' dir='ltr'><strong>intelligemus,</strong></span> <span class='ocrx_word' id='word_1_224' title='bbox 480 2847 536 2930; x_wconf 91' lang='lat' dir='ltr'><strong>qui</strong></span> <span class='ocrx_word' id='word_1_225' title='bbox 563 2846 632 2911; x_wconf 87' lang='lat' dir='ltr'><strong>fierr</strong></span> <span class='ocrx_word' id='word_1_226' title='bbox 650 2847 802 2932; x_wconf 88' lang='lat' dir='ltr'><strong>potuerit,</strong></span> <span class='ocrx_word' id='word_1_227' title='bbox 824 2858 861 2913; x_wconf 90' lang='lat' dir='ltr'><strong>ut</strong></span> <span class='ocrx_word' id='word_1_228' title='bbox 874 2848 968 2915; x_wconf 87' lang='lat' dir='ltr'><strong>Plato</strong></span> <span class='ocrx_word' id='word_1_229' title='bbox 989 2846 1114 2913; x_wconf 89' lang='lat' dir='ltr'><strong>abhoc</strong></span> <span class='ocrx_word' id='word_1_230' title='bbox 1135 2868 1243 2913; x_wconf 86' lang='lat' dir='ltr'><strong>amoro</strong></span> 
     </span>
     <span class='ocr_line' id='line_1_32' title="bbox 221 2931 1241 3080; baseline 0 -84"><span class='ocrx_word' id='word_1_231' title='bbox 221 2932 387 3080; x_wconf 80' lang='lat' dir='ltr'><strong>profectus</strong></span> <span class='ocrx_word' id='word_1_232' title='bbox 414 2931 456 2994; x_wconf 88' lang='lat' dir='ltr'><strong>ad</strong></span> <span class='ocrx_word' id='word_1_233' title='bbox 482 2931 691 2997; x_wconf 83' lang='lat' dir='ltr'><strong>enthusiasmi</strong></span> <span class='ocrx_word' id='word_1_234' title='bbox 716 2932 897 3019; x_wconf 86' lang='lat' dir='ltr'><strong>philosophi</strong></span> <span class='ocrx_word' id='word_1_235' title='bbox 924 2931 1098 3019; x_wconf 83' lang='lat' dir='ltr'><strong>imaginem</strong></span> <span class='ocrx_word' id='word_1_236' title='bbox 1126 2931 1241 2996; x_wconf 89' lang='lat' dir='ltr'><strong>adum·</strong></span> 
     </span>
     <span class='ocr_line' id='line_1_33' title="bbox 244 3015 1241 3102; baseline 0 -21"><span class='ocrx_word' id='word_1_237' title='bbox 244 3016 378 3081; x_wconf 91' lang='lat' dir='ltr'><strong>randam</strong></span> <span class='ocrx_word' id='word_1_238' title='bbox 399 3016 683 3101; x_wconf 88' lang='lat' dir='ltr'><strong>illustrandamque</strong></span> <span class='ocrx_word' id='word_1_239' title='bbox 703 3019 872 3084; x_wconf 87' lang='lat' dir='ltr'><strong>accederet</strong></span> <span class='ocrx_word' id='word_1_240' title='bbox 881 3018 925 3102; x_wconf 70' lang='lat'><strong>⁴⁵).</strong></span> <span class='ocrx_word' id='word_1_241' title='bbox 960 3015 1058 3098; x_wconf 81' lang='lat' dir='ltr'><strong>Quod</strong></span> <span class='ocrx_word' id='word_1_242' title='bbox 1078 3026 1116 3081; x_wconf 85' lang='lat' dir='ltr'><strong>ut</strong></span> <span class='ocrx_word' id='word_1_243' title='bbox 1133 3015 1241 3081; x_wconf 83' lang='lat' dir='ltr'><strong>itafa-</strong></span> 
     </span>
     <span class='ocr_line' id='line_1_34' title="bbox 222 3099 1241 3203; baseline -0.001 -38"><span class='ocrx_word' id='word_1_244' title='bbox 222 3124 295 3167; x_wconf 91' lang='lat' dir='ltr'><strong>cere</strong></span> <span class='ocrx_word' id='word_1_245' title='bbox 307 3112 430 3187; x_wconf 84' lang='lat' dir='ltr'><strong>posset,</strong></span> <span class='ocrx_word' id='word_1_246' title='bbox 453 3102 548 3166; x_wconf 87' lang='lat' dir='ltr'><strong>ctiam</strong></span> <span class='ocrx_word' id='word_1_247' title='bbox 569 3101 676 3188; x_wconf 89' lang='lat' dir='ltr'><strong>ipsum</strong></span> <span class='ocrx_word' id='word_1_248' title='bbox 697 3126 813 3169; x_wconf 91' lang='lat' dir='ltr'><strong>nomen</strong></span> <span class='ocrx_word' id='word_1_249' title='bbox 832 3101 1054 3203; x_wconf 91' lang='lat' dir='ltr'><strong>philosophiae</strong></span> <span class='ocrx_word' id='word_1_250' title='bbox 1069 3099 1186 3179; x_wconf 87' lang='lat' dir='ltr'><strong>effecit,</strong></span> <span class='ocrx_word' id='word_1_251' title='bbox 1208 3101 1241 3165; x_wconf 90' lang='lat' dir='ltr'><strong>in</strong></span> 
     </span>
     <span class='ocr_line' id='line_1_35' title="bbox 221 3184 1239 3276; baseline -0.003 -24"><span class='ocrx_word' id='word_1_252' title='bbox 221 3207 286 3269; x_wconf 91' lang='lat' dir='ltr'><strong>quo</strong></span> <span class='ocrx_word' id='word_1_253' title='bbox 307 3186 425 3251; x_wconf 87' lang='lat' dir='ltr'><strong>amoris</strong></span> <span class='ocrx_word' id='word_1_254' title='bbox 446 3196 486 3265; x_wconf 82' lang='lat' dir='ltr'><strong>et¹</strong></span> <span class='ocrx_word' id='word_1_255' title='bbox 500 3187 642 3252; x_wconf 78' lang='lat' dir='ltr'><strong>caritatis</strong></span> <span class='ocrx_word' id='word_1_256' title='bbox 671 3188 863 3276; x_wconf 82' lang='lat' dir='ltr'><strong>significatro</strong></span> <span class='ocrx_word' id='word_1_257' title='bbox 885 3197 1075 3254; x_wconf 72' lang='lat' dir='ltr'><strong>continetur.</strong></span> <span class='ocrx_word' id='word_1_258' title='bbox 1111 3184 1239 3250; x_wconf 81' lang='lat' dir='ltr'><strong>Tradu-</strong></span> 
     </span>
     <span class='ocr_line' id='line_1_36' title="bbox 222 3269 1241 3356; baseline 0.001 -23"><span class='ocrx_word' id='word_1_259' title='bbox 222 3269 270 3333; x_wconf 85' lang='lat' dir='ltr'><strong>xit</strong></span> <span class='ocrx_word' id='word_1_260' title='bbox 291 3270 391 3355; x_wconf 85' lang='lat' dir='ltr'><strong>igitur</strong></span> <span class='ocrx_word' id='word_1_261' title='bbox 412 3270 620 3356; x_wconf 89' lang='lat' dir='ltr'><strong>philosophus</strong></span> <span class='ocrx_word' id='word_1_262' title='bbox 648 3295 789 3338; x_wconf 87' lang='lat' dir='ltr'><strong>amorem</strong></span> <span class='ocrx_word' id='word_1_263' title='bbox 804 3272 851 3341; x_wconf 86' lang='lat' dir='ltr'><strong>ab</strong></span> <span class='ocrx_word' id='word_1_264' title='bbox 873 3295 980 3338; x_wconf 90' lang='lat' dir='ltr'><strong>rerum</strong></span> <span class='ocrx_word' id='word_1_265' title='bbox 1002 3270 1241 3354; x_wconf 88' lang='lat' dir='ltr'><strong>hominumque,</strong></span> 
     </span>
     <span class='ocr_line' id='line_1_37' title="bbox 221 3354 1242 3436; baseline 0.001 -19"><span class='ocrx_word' id='word_1_266' title='bbox 221 3374 303 3436; x_wconf 90' lang='lat' dir='ltr'><strong>quos</strong></span> <span class='ocrx_word' id='word_1_267' title='bbox 329 3354 430 3420; x_wconf 89' lang='lat' dir='ltr'><strong>oculis</strong></span> <span class='ocrx_word' id='word_1_268' title='bbox 457 3357 631 3435; x_wconf 88' lang='lat' dir='ltr'><strong>cernimus,</strong></span> <span class='ocrx_word' id='word_1_269' title='bbox 665 3357 824 3423; x_wconf 89' lang='lat' dir='ltr'><strong>desiderio</strong></span> <span class='ocrx_word' id='word_1_270' title='bbox 857 3357 900 3422; x_wconf 88' lang='lat' dir='ltr'><strong>ad</strong></span> <span class='ocrx_word' id='word_1_271' title='bbox 926 3378 1035 3422; x_wconf 90' lang='lat' dir='ltr'><strong>rerum</strong></span> <span class='ocrx_word' id='word_1_272' title='bbox 1061 3355 1242 3420; x_wconf 85' lang='lat' dir='ltr'><strong>divinarum</strong></span> 
     </span>
     <span class='ocr_line' id='line_1_38' title="bbox 223 3437 1242 3527; baseline 0.001 -26"><span class='ocrx_word' id='word_1_273' title='bbox 223 3437 380 3516; x_wconf 90' lang='lat' dir='ltr'><strong>studium,</strong></span> <span class='ocrx_word' id='word_1_274' title='bbox 410 3462 545 3525; x_wconf 85' lang='lat' dir='ltr'><strong>quarum</strong></span> <span class='ocrx_word' id='word_1_275' title='bbox 575 3441 714 3527; x_wconf 89' lang='lat' dir='ltr'><strong>speciem</strong></span> <span class='ocrx_word' id='word_1_276' title='bbox 735 3453 767 3508; x_wconf 90' lang='lat' dir='ltr'><strong>et</strong></span> <span class='ocrx_word' id='word_1_277' title='bbox 786 3442 922 3508; x_wconf 87' lang='lat' dir='ltr'><strong>formam</strong></span> <span class='ocrx_word' id='word_1_278' title='bbox 942 3441 1100 3506; x_wconf 86' lang='lat' dir='ltr'><strong>immensa</strong></span> <span class='ocrx_word' id='word_1_279' title='bbox 1119 3438 1242 3525; x_wconf 91' lang='lat' dir='ltr'><strong>pulcri-</strong></span> 
     </span>
    </p>
   </div>
   <div class='ocr_carea' id='block_1_5' title="bbox 223 3581 323 3590">
    <p class='ocr_par' dir='ltr' id='par_1_8' title="bbox 223 3581 323 3590">
     <span class='ocr_line' id='line_1_39' title="bbox 223 3581 323 3590; baseline 0 -3"><span class='ocrx_word' id='word_1_280' title='bbox 223 3581 312 3590; x_wconf 39' lang='grc' dir='ltr'>..-ᾗ</span> <span class='ocrx_word' id='word_1_281' title='bbox 317 3582 323 3590; x_wconf 87' lang='grc'><em>.</em></span> 
     </span>
    </p>
   </div>
   <div class='ocr_carea' id='block_1_6' title="bbox 265 3642 1243 4120">
    <p class='ocr_par' dir='ltr' id='par_1_9' title="bbox 265 3642 1243 4120">
     <span class='ocr_line' id='line_1_40' title="bbox 265 3642 1243 3764; baseline -0.002 -67"><span class='ocrx_word' id='word_1_282' title='bbox 265 3642 292 3707; x_wconf 82' lang='grc'><strong>*)</strong></span> <span class='ocrx_word' id='word_1_283' title='bbox 309 3648 442 3727; x_wconf 75' lang='lat' dir='ltr'><strong>Praeclare</strong></span> <span class='ocrx_word' id='word_1_284' title='bbox 453 3647 626 3727; x_wconf 73' lang='lat' dir='ltr'><strong>⁸Iucobsius</strong></span> <span class='ocrx_word' id='word_1_285' title='bbox 643 3648 661 3697; x_wconf 93' lang='lat' dir='ltr'><strong>l.</strong></span> <span class='ocrx_word' id='word_1_286' title='bbox 680 3664 702 3698; x_wconf 92' lang='lat' dir='ltr'><strong>c.</strong></span> <span class='ocrx_word' id='word_1_287' title='bbox 719 3664 744 3713; x_wconf 90' lang='lat' dir='ltr'><strong>p.</strong></span> <span class='ocrx_word' id='word_1_288' title='bbox 757 3653 820 3701; x_wconf 80' lang='lat'>251:</span> <span class='ocrx_word' id='word_1_289' title='bbox 850 3648 927 3711; x_wconf 82' lang='lat' dir='ltr'><strong>„Jene</strong></span> <span class='ocrx_word' id='word_1_290' title='bbox 945 3646 1008 3698; x_wconf 76' lang='lat' dir='ltr'><strong>San</strong></span> <span class='ocrx_word' id='word_1_291' title='bbox 1024 3644 1119 3697; x_wconf 71' lang='lat' dir='ltr'><strong>&#39;antidit</strong></span> <span class='ocrx_word' id='word_1_292' title='bbox 1128 3644 1243 3764; x_wconf 50' lang='lat' dir='ltr'><strong>mro,</strong></span> 
     </span>
     <span class='ocr_line' id='line_1_41' title="bbox 306 3713 1243 3860; baseline -0.001 -29"><span class='ocrx_word' id='word_1_293' title='bbox 306 3732 356 3831; x_wconf 71' lang='lat' dir='ltr'><strong>iii</strong></span> <span class='ocrx_word' id='word_1_294' title='bbox 367 3713 1143 3860; x_wconf 42' lang='lat' dir='ltr'><strong>iihiiauiaiiiiiaiiiriiii’aii‘rikiiiffa</strong></span> <span class='ocrx_word' id='word_1_295' title='bbox 1153 3719 1243 3832; x_wconf 48' lang='grc' dir='ltr'><em>ὦ</em></span> 
     </span>
     <span class='ocr_line' id='line_1_42' title="bbox 306 3845 1243 3913; baseline 0.001 -15"><span class='ocrx_word' id='word_1_296' title='bbox 306 3849 357 3899; x_wconf 78' lang='lat' dir='ltr'><strong>und</strong></span> <span class='ocrx_word' id='word_1_297' title='bbox 372 3849 414 3898; x_wconf 83' lang='lat' dir='ltr'><strong>des</strong></span> <span class='ocrx_word' id='word_1_298' title='bbox 431 3847 602 3899; x_wconf 81' lang='lat' dir='ltr'><strong>Sollechtestea</strong></span> <span class='ocrx_word' id='word_1_299' title='bbox 619 3866 644 3897; x_wconf 79' lang='lat' dir='ltr'><strong>tn</strong></span> <span class='ocrx_word' id='word_1_300' title='bbox 661 3851 718 3913; x_wconf 82' lang='lat' dir='ltr'><strong>sich,</strong></span> <span class='ocrx_word' id='word_1_301' title='bbox 736 3852 779 3901; x_wconf 79' lang='lat' dir='ltr'><strong>wie</strong></span> <span class='ocrx_word' id='word_1_302' title='bbox 797 3852 839 3901; x_wconf 83' lang='lat' dir='ltr'><strong>der</strong></span> <span class='ocrx_word' id='word_1_303' title='bbox 856 3868 900 3901; x_wconf 83' lang='lat' dir='ltr'><strong>asts</strong></span> <span class='ocrx_word' id='word_1_304' title='bbox 918 3850 970 3901; x_wconf 83' lang='lat' dir='ltr'><strong>dem</strong></span> <span class='ocrx_word' id='word_1_305' title='bbox 988 3848 1104 3902; x_wconf 71' lang='lat' dir='ltr'><strong>&amp;loom</strong></span> <span class='ocrx_word' id='word_1_306' title='bbox 1120 3848 1165 3899; x_wconf 78' lang='lat' dir='ltr'><strong>der</strong></span> <span class='ocrx_word' id='word_1_307' title='bbox 1175 3845 1243 3899; x_wconf 78' lang='lat' dir='ltr'><strong>Erde</strong></span> 
     </span>
     <span class='ocr_line' id='line_1_43' title="bbox 306 3912 1243 3995; baseline 0.001 -31"><span class='ocrx_word' id='word_1_308' title='bbox 306 3915 468 3994; x_wconf 71' lang='lat' dir='ltr'><strong>atrfsteiyende</strong></span> <span class='ocrx_word' id='word_1_309' title='bbox 485 3913 670 3995; x_wconf 66' lang='lat' dir='ltr'><strong>Nahrunpssaft</strong></span> <span class='ocrx_word' id='word_1_310' title='bbox 686 3919 747 3968; x_wconf 73' lang='lat' dir='ltr'><strong>rinch</strong></span> <span class='ocrx_word' id='word_1_311' title='bbox 764 3918 959 3983; x_wconf 76' lang='lat' dir='ltr'><strong>Brschafflnlreit</strong></span> <span class='ocrx_word' id='word_1_312' title='bbox 981 3917 1023 3967; x_wconf 83' lang='lat' dir='ltr'><strong>cles</strong></span> <span class='ocrx_word' id='word_1_313' title='bbox 1044 3916 1165 3982; x_wconf 61' lang='lat' dir='ltr'><strong>Gffdmes,</strong></span> <span class='ocrx_word' id='word_1_314' title='bbox 1188 3912 1243 3965; x_wconf 82' lang='lat' dir='ltr'><strong>wel-</strong></span> 
     </span>
     <span class='ocr_line' id='line_1_44' title="bbox 306 3982 1243 4062; baseline 0.003 -31"><span class='ocrx_word' id='word_1_315' title='bbox 306 3983 360 4032; x_wconf 79' lang='lat' dir='ltr'><strong>ches</strong></span> <span class='ocrx_word' id='word_1_316' title='bbox 377 3983 418 4062; x_wconf 62' lang='lat' dir='ltr'><strong>tha</strong></span> <span class='ocrx_word' id='word_1_317' title='bbox 436 3983 569 4062; x_wconf 58' lang='lat' dir='ltr'><strong>affirmati,</strong></span> <span class='ocrx_word' id='word_1_318' title='bbox 592 3982 643 4032; x_wconf 72' lang='lat' dir='ltr'><strong>hier</strong></span> <span class='ocrx_word' id='word_1_319' title='bbox 664 3985 713 4034; x_wconf 81' lang='lat' dir='ltr'><strong>eine</strong></span> <span class='ocrx_word' id='word_1_320' title='bbox 736 3985 788 4035; x_wconf 82' lang='lat' dir='ltr'><strong>edla</strong></span> <span class='ocrx_word' id='word_1_321' title='bbox 809 3986 902 4036; x_wconf 66' lang='lat' dir='ltr'><strong>Thaube</strong></span> <span class='ocrx_word' id='word_1_322' title='bbox 918 3985 1030 4048; x_wconf 64' lang='lat' dir='ltr'><strong>schmeld,</strong></span> <span class='ocrx_word' id='word_1_323' title='bbox 1053 3984 1109 4034; x_wconf 83' lang='lat' dir='ltr'><strong>dort</strong></span> <span class='ocrx_word' id='word_1_324' title='bbox 1130 3984 1168 4035; x_wconf 78' lang='lat' dir='ltr'><strong>ein</strong></span> <span class='ocrx_word' id='word_1_325' title='bbox 1191 3998 1243 4034; x_wconf 84' lang='lat' dir='ltr'><strong>ver·</strong></span> 
     </span>
     <span class='ocr_line' id='line_1_45' title="bbox 306 4049 1120 4120; baseline 0.006 -23"><span class='ocrx_word' id='word_1_326' title='bbox 306 4049 441 4113; x_wconf 61' lang='lat' dir='ltr'><strong>‹terbtzctes</strong></span> <span class='ocrx_word' id='word_1_327' title='bbox 467 4049 599 4103; x_wconf 77' lang='lat' dir='ltr'><strong>Walnsmn</strong></span> <span class='ocrx_word' id='word_1_328' title='bbox 617 4050 673 4102; x_wconf 83' lang='lat' dir='ltr'><strong>oder</strong></span> <span class='ocrx_word' id='word_1_329' title='bbox 695 4053 748 4104; x_wconf 75' lang='lat' dir='ltr'><strong>Tctl</strong></span> <span class='ocrx_word' id='word_1_330' title='bbox 765 4052 903 4119; x_wconf 76' lang='lat' dir='ltr'><strong>brrhpcacles</strong></span> <span class='ocrx_word' id='word_1_331' title='bbox 923 4054 980 4120; x_wconf 65' lang='lat' dir='ltr'><strong>Gor</strong></span> <span class='ocrx_word' id='word_1_332' title='bbox 997 4052 1120 4104; x_wconf 50' lang='lat' dir='ltr'><strong>onmes?</strong></span> 
     </span>
    </p>
   </div>
   <div class='ocr_carea' id='block_1_7' title="bbox 0 0 1308 4620">
    <p class='ocr_par' dir='ltr' id='par_1_10' title="bbox 0 0 1308 4620">
     <span class='ocr_line' id='line_1_46' title="bbox 0 0 1308 4620; baseline 0 0"><span class='ocrx_word' id='word_1_333' title='bbox 0 0 1308 4620; x_wconf 95' lang='lat' dir='ltr'><strong> </strong></span> 
     </span>
    </p>
   </div>
  </div>
 </body>
</html>
