2604 4620
509 209 559 280 sn'
582 231 800 281 srnrosrun.
933 265 936 268 -
1082 235 1159 284 xxv

140 384 220 451 illud
241 385 471 472 contemplatus
492 383 590 448 fuerit
610 383 774 468 pulcrum,
795 395 863 449 tum
884 404 962 449 vero
984 407 1058 451 eum
1079 398 1170 451 oen--

141 480 192 534 set
218 491 281 534 non
308 492 392 536 vana
418 468 549 534 virtutis
575 467 762 547 simulacra,
795 469 851 534 sed
875 468 992 554 ipsam‘
1006 470 1157 534 virtutem

137 564 142 570 ’
165 565 366 637 oneratorum
388 551 490 639 eoque
512 552 584 636 ipso
605 553 665 617 deo
687 563 816 639 gratum
838 563 933 638 atque
948 554 1157 619 immortalem

178 649 282 702 turum
304 661 386 704 esse.

180 720 235 786 En
255 722 357 788 habes
377 722 442 787 iam
455 720 655 786 Platonicam
673 720 803 786 amandi
824 719 1025 820 disciplinam
1044 722 1160 803 paucis

139 805 246 871 verbis
269 805 472 891 descriptam,
493 828 558 889 qua
578 805 689 888 utique
710 805 852 888 quinque
874 804 920 869 ilh
945 804 1061 869 amoris
1081 825 1158 890 gra-

140 889 202 954 dus
224 890 477 976 distinguuntur,
498 911 579 973 quos
600 913 620 952 a
642 888 875 956 recentioribus
888 888 1064 953 Platonicis
1085 889 1162 973 plu·

138 972 257 1037 nimum
275 975 451 1039 celebratos
467 975 538 1038 esse
553 983 695 1050 constat3
719 973 801 1038 conf.
817 971 912 1037 etiarn
927 972 1034 1056 ipsum
1048 971 1160 1037 Plato-

139 1079 214 1120 nem
236 1056 374 1122 Phaedr.
422 1105 430 1122 .
448 1058 520 1121 249.
537 1057 580 1121 A.
596 1077 665 1138 sqq.
680 1079 712 1140 p.
725 1057 796 1120 250.
811 1055 975 1120 A„253.
989 1054 1034 1120 D.
1048 1053 1156 1158 Legg.

96 1214 102 1221 ἃ
138 1138 235 1205 VIII.
275 1142 372 1206 .837.
423 1140 509 1206 ..n
531 1139 586 1204 De
599 1139 681 1223 Rep.
696 1138 758 1204 VI.
799 1139 895 1202 .490.
909 1137 951 1203 B.
980 1139 1072 1220 Quos
1085 1162 1159 1224 qur·

140 1224 215 1287 dem
247 1165 324 1289 dum
354 1223 563 1310 philosophus
594 1222 703 1306 posuit
737 1162 959 1307 sulitiliterque
993 1222 1157 1302 discrevit,

137 1329 203 1373 non
230 1308 326 1373 modo
352 1330 417 1390 qua
441 1307 494 1372 via
519 1306 560 1370 ad
586 1305 853 1392 perfectissimum
880 1329 1021 1371 amorem
1042 1328 1157 1391 pervc-¹

136 1388 247 1455 niatur
267 1401 301 1456 et
326 1391 450 1475 quain
478 1413 513 1455 re
539 1389 568 1455 is
595 1391 798 1474 quaerendus
826 1391 883 1468 sit,
913 1390 1072 1456 subtiliter
1086 1391 1156 1456 *de-

136 1474 344 1552 monstravit,
371 1487 484 1539 verum
511 1474 607 1540 etiam
633 1474 712 1558 quid
734 1476 775 1541 de
795 1474 894 1540 variis
917 1474 1034 1539 amoris
1056 1496 1157 1560 gene-
1252 1537 1256 1548 ,

138 1557 229 1623 ribus
249 1558 459 1625 iudicandum
481 1569 514 1624 et
534 1560 632 1644 quale
650 1558 765 1643 cuique
783 1558 932 1644 ⁴pretium
954 1558 1159 1625 statuendum

138 1641 197 1720 sit,
210 1642 401 1727 ‚prudenter
422 1643 604 1728 exploravit
623 1643 768 1728 adeoque
791 1642 950 1708 terrestris
972 1665 1072 1719 amor,
1101 1643 1159 1726 qui

138 1725 185 1791 ad·
207 1748 326 1812 pueros
352 1728 545 1793 erudiendos
574 1737 607 1793 et
634 1728 676 1791 ad
703 1728 825 1792 variam
851 1725 1002 1791 virtutem
1030 1727 1158 1792 confor-

137 1810 274 1876 mandos
300 1810 474 1896 pertineat,
502 1832 568 1896 qua
592 1811 715 1876 ratione
745 1834 818 1876 oum
845 1810 1027 1875 divinarum
1048 1832 1156 1875 rerum
1222 1876 1226 1883 ,

138 1893 246 1959 studio
277 1893 446 1961 cohaereat
473 1906 503 1961 et
533 1896 692 1980 quomodo
726 1896 768 1959 ad
800 1895 869 1960 eius
901 1894 1091 1981 dignitatem
1126 1905 1160 1960 et

137 1977 356 2061 excellentiam
382 1978 475 2045 evehi
501 1980 621 2065 possit,
650 1991 687 2043 ut
715 1978 890 2065 sapientiae
917 1979 1003 2043 fetus
1030 1979 1066 2043 in
1087 1979 1157 2042 ani-

135 2061 200 2127 mis
227 2061 418 2162 gignantur,
446 2064 611 2148 praeclare
642 2064 761 2129 docuit.
800 2063 914 2147 Itaque
943 2062 970 2126 si
996 2063 1030 2126 in
1049 2063 1158 2127 ‘ullum

136 2144 283 2211 Platonis
303 2147 426 2226 locum,
449 2159 535 2214 certe
556 2148 591 2213 in
611 2148 696 2213 hano
719 2145 862 2214 Socratis
883 2147 1059 2212 orationem
1081 2170 1159 2212 con·

137 2229 275 2294 veniunt
300 2253 383 2330 qtae
408 2231 573 2318 alicubi*)
600 2232 782 2297 Muretus
814 2231 848 2295 in
879 2231 1008 2296 laudem
1042 2231 1159 2305 summi

137 2310 322 2399 philosophi
333 2315 481 2402 scripsit:
504 2315 589 2394 „Ta
604 2316 713 2381 divine
724 2315 851 2393 Plato'',
866 2315 981 2398 inquit,
997 2325 1064 2392 „tu,
1075 2337 1156 2400 quo,-

138 2396 235 2463 modo
256 2399 354 2463 animi
375 2400 476 2465 nostri
498 2423 518 2464 a
540 2400 693 2464 vitiorum
709 2398 857 2465 sordibus
872 2422 936 2483 pur
959 2400 1007 2462 ari
1022 2399 1169 2496 possint,

138 2481 306 2549 ostendisti
312 2507 322 2559 3
344 2494 390 2562 tu,
413 2484 683 2567 quemadmodum
697 2482 880 2548 hominibus
896 2422 1001 2547 adhuc
1024 2505 1057 2546 1n
1073 2493 1160 2547 terra

136 2565 343 2632 versantibus
365 2569 536 2634 coelestem
556 2568 789 2653 quodammodo
811 2567 911 2631 vitam
930 2565 1038 2631 vivere
1052 2566 1159 2643 liceat,

137 2649 292 2735 aperuisti
299 2675 309 2727 ς
343 2663 379 2715 tu
407 2652 517 2717 divina
545 2676 618 2718 cum
643 2652 809 2728 humanis,
843 2660 999 2734 quantum
1024 2650 1157 2734 quidem
1191 2726 1194 2730 A
1249 2690 1254 2699 ·

136 2733 277 2799 humano
296 2734 430 2823 ingenio
450 2737 486 2800 id
507 2738 618 2821 perfici
640 2737 753 2823 potuit,
777 2734 949 2820 copulasti3
974 2744 1009 2798 tu
1031 2757 1069 2798 ea
1091 2744 1158 2798 tra·

136 2816 259 2895 didisti,
279 2841 363 2903 quae
384 2843 456 2898 nos,
482 2844 542 2886 nos
560 2822 693 2905 inquam
710 2820 785 2906 ipsi,
805 2819 864 2902 qui
878 2841 898 2882 a
912 2818 971 2882 deo
986 2841 1043 2904 per
1056 2818 1159 2882 filium

137 2900 281 2987 adoptati
307 2913 340 2968 et
366 2904 496 2970 coelesti
524 2905 669 2971 doctrina
695 2903 812 2970 imbuti
838 2925 964 2978 sumus,
993 2927 1013 2966 a
1040 2913 1071 2966 te
1093 2901 1158 2967 dici

138 2995 283 3072 potuisse
303 2986 489 3063 miramur.''

140 3265 154 3307 ·.
178 3234 251 3315 Iam
273 3262 350 3305 vero
370 3243 536 3329 explorata
557 3243 702 3309 Platonis
730 3243 770 3308 de
792 3264 899 3307 amore
923 3241 1095 3318 sententia,
1124 3241 1158 3306 in
1223 3252 1226 3257 '

135 3343 201 3405 qua
219 3320 413 3391 illustranda
427 3327 561 3393 dubium
582 3350 648 3393 non
670 3339 720 3392 est
740 3327 818 3412 quin
837 3325 982 3426 positum
1005 3325 1046 3389 sit
1068 3348 1156 3390 sum-

135 3428 241 3497 murn
260 3409 446 3493 consilium,
479 3414 567 3497 quod
597 3413 807 3499 philosophus
835 3435 870 3475 m
898 3410 1065 3476 condendo
1098 3408 1160 3475 hoc

136 3511 234 3575 opere
256 3506 413 3578 sequutus
439 3506 498 3574 est,
528 3497 683 3581 sequitur,
707 3507 750 3581 ‚ut
774 3496 994 3580 quaerendum
1016 3494 1066 3570 sit,
1095 3516 1159 3577 qua

135 3572 269 3641 ratione-
285 3578 430 3663 reliquae
455 3580 529 3645 libri
556 3591 665 3666 partes
696 3604 769 3646 cum
797 3580 906 3645 divino
927 3579 988 3644 hoc
1009 3579 1079 3644 loco
1102 3598 1156 3642 co·

136 3655 306 3744 haereant,
336 3674 374 3727 ut
402 3664 500 3729 totius
527 3665 633 3750 operis
660 3665 767 3730 unitas
795 3671 890 3749 atque
917 3663 1057 3762 partium
1078 3682 1156 3725 con·

137 3741 298 3811 venientia
325 3747 548 3833 perspiciatur.
584 3748 738 3814 Advertit
770 3760 876 3816 autem
908 3767 1050 3812 animum
1083 3753 1158 3809 ante

178 4012 204 4078 ¹⁸¹)
223 4019 305 4077 Orata
318 4021 351 4073 V.
363 4023 392 4073 P.
406 4022 445 4072 IL·
456 4037 480 4086 p.
494 4027 550 4074 322.
564 4024 603 4074 cd.
615 4023 720 4075 Ruhuk.
