<?xml version="1.0" encoding="UTF-8"?>
<!DOCTYPE html PUBLIC "-//W3C//DTD XHTML 1.0 Transitional//EN"
    "http://www.w3.org/TR/xhtml1/DTD/xhtml1-transitional.dtd">
<html xmlns="http://www.w3.org/1999/xhtml" xml:lang="en" lang="en">
 <head>
  <title>
</title>
<meta http-equiv="Content-Type" content="text/html;charset=utf-8" />
  <meta name='ocr-system' content='tesseract 3.04.00' />
  <meta name='ocr-capabilities' content='ocr_page ocr_carea ocr_par ocr_line ocrx_word'/>
</head>
<body>
  <div class='ocr_page' id='page_1' title='image "./platonisoperaom00stalgoog_0024.png"; bbox 0 0 2604 4620; ppageno 0'>
   <div class='ocr_carea' id='block_1_1' title="bbox 160 241 805 404">
    <p class='ocr_par' dir='ltr' id='par_1_1' title="bbox 160 241 805 404">
     <span class='ocr_line' id='line_1_1' title="bbox 160 241 805 404; baseline -0.016 0"><span class='ocrx_word' id='word_1_1' title='bbox 160 310 243 404; x_wconf 74' lang='grc'><strong>.</strong></span> <span class='ocrx_word' id='word_1_2' title='bbox 205 241 805 402; x_wconf 42' lang='grc' dir='ltr'><strong>ω...</strong></span> 
     </span>
    </p>
   </div>
   <div class='ocr_carea' id='block_1_2' title="bbox 28 729 1255 913">
    <p class='ocr_par' dir='ltr' id='par_1_2' title="bbox 28 729 1255 913">
     <span class='ocr_line' id='line_1_2' title="bbox 74 729 1255 816; baseline -0.01 -17"><span class='ocrx_word' id='word_1_3' title='bbox 74 740 111 797; x_wconf 91' lang='lat' dir='ltr'>In</span> <span class='ocrx_word' id='word_1_4' title='bbox 133 737 366 816; x_wconf 81' lang='lat' dir='ltr'>Prologomenis‚</span> <span class='ocrx_word' id='word_1_5' title='bbox 389 733 572 790; x_wconf 80' lang='lat' dir='ltr'>festinantius</span> <span class='ocrx_word' id='word_1_6' title='bbox 594 732 695 808; x_wconf 75' lang='lat' dir='ltr'>paullo</span> <span class='ocrx_word' id='word_1_7' title='bbox 717 749 804 804; x_wconf 85' lang='lat' dir='ltr'>quam</span> <span class='ocrx_word' id='word_1_8' title='bbox 827 737 996 806; x_wconf 79' lang='lat' dir='ltr'>oportuerat</span> <span class='ocrx_word' id='word_1_9' title='bbox 1013 731 1097 807; x_wconf 81' lang='lat' dir='ltr'>prelo</span> <span class='ocrx_word' id='word_1_10' title='bbox 1111 729 1255 800; x_wconf 76' lang='lat' dir='ltr'>subiectio,</span> 
     </span>
     <span class='ocr_line' id='line_1_3' title="bbox 28 829 880 913; baseline -0.011 -17"><span class='ocrx_word' id='word_1_11' title='bbox 28 841 157 900; x_wconf 83' lang='lat' dir='ltr'>lootoros</span> <span class='ocrx_word' id='word_1_12' title='bbox 177 845 324 913; x_wconf 83' lang='lat' dir='ltr'>rogantur</span> <span class='ocrx_word' id='word_1_13' title='bbox 344 841 378 892; x_wconf 85' lang='lat' dir='ltr'>ut</span> <span class='ocrx_word' id='word_1_14' title='bbox 399 833 457 909; x_wconf 86' lang='lat' dir='ltr'>ipsi</span> <span class='ocrx_word' id='word_1_15' title='bbox 476 831 617 890; x_wconf 79' lang='lat' dir='ltr'>benevolo</span> <span class='ocrx_word' id='word_1_16' title='bbox 638 829 702 888; x_wconf 85' lang='lat' dir='ltr'>hoeo</span> <span class='ocrx_word' id='word_1_17' title='bbox 724 831 880 904; x_wconf 76' lang='lat' dir='ltr'>oorrigont.</span> 
     </span>
    </p>
   </div>
   <div class='ocr_carea' id='block_1_3' title="bbox 136 974 1257 2230">
    <p class='ocr_par' dir='ltr' id='par_1_3' title="bbox 136 974 849 1049">
     <span class='ocr_line' id='line_1_4' title="bbox 136 974 849 1049; baseline -0.011 -11"><span class='ocrx_word' id='word_1_18' title='bbox 136 990 202 1049; x_wconf 78' lang='lat' dir='ltr'>Pug.</span> <span class='ocrx_word' id='word_1_19' title='bbox 221 992 245 1036; x_wconf 79' lang='lat'>⁹.</span> <span class='ocrx_word' id='word_1_20' title='bbox 263 998 327 1034; x_wconf 78' lang='lat' dir='ltr'>vers.</span> <span class='ocrx_word' id='word_1_21' title='bbox 348 989 386 1036; x_wconf 82' lang='grc'><strong>14.</strong></span> <span class='ocrx_word' id='word_1_22' title='bbox 404 989 464 1033; x_wconf 80' lang='lat' dir='ltr'>onte</span> <span class='ocrx_word' id='word_1_23' title='bbox 482 979 593 1033; x_wconf 63' lang='lat' dir='ltr'>comos</span> <span class='ocrx_word' id='word_1_24' title='bbox 610 981 771 1031; x_wconf 70' lang='lat' dir='ltr'>inserendum</span> <span class='ocrx_word' id='word_1_25' title='bbox 790 974 849 1031; x_wconf 63' lang='lat' dir='ltr'>in·</span> 
     </span>
    </p>

    <p class='ocr_par' dir='ltr' id='par_1_4' title="bbox 156 1062 928 1131">
     <span class='ocr_line' id='line_1_5' title="bbox 156 1062 928 1131; baseline -0.004 -12"><span class='ocrx_word' id='word_1_26' title='bbox 156 1103 171 1131; x_wconf 81' lang='lat'>,‚</span> <span class='ocrx_word' id='word_1_27' title='bbox 207 1072 246 1120; x_wconf 82' lang='lat'>17.</span> <span class='ocrx_word' id='word_1_28' title='bbox 291 1105 306 1130; x_wconf 90' lang='lat'>‚,</span> <span class='ocrx_word' id='word_1_29' title='bbox 365 1072 388 1116; x_wconf 86' lang='lat'>8.</span> <span class='ocrx_word' id='word_1_30' title='bbox 404 1067 438 1117; x_wconf 76' lang='lat' dir='ltr'>ab</span> <span class='ocrx_word' id='word_1_31' title='bbox 454 1065 499 1115; x_wconf 84' lang='lat' dir='ltr'>inf.</span> <span class='ocrx_word' id='word_1_32' title='bbox 516 1065 566 1129; x_wconf 80' lang='lat' dir='ltr'><strong>leg.</strong></span> <span class='ocrx_word' id='word_1_33' title='bbox 585 1075 648 1116; x_wconf 79' lang='lat' dir='ltr'>una</span> <span class='ocrx_word' id='word_1_34' title='bbox 664 1062 810 1128; x_wconf 67' lang='lat' dir='ltr'>eodemne</span> <span class='ocrx_word' id='word_1_35' title='bbox 829 1074 928 1129; x_wconf 75' lang='lat' dir='ltr'>opem·</span> 
     </span>
    </p>

    <p class='ocr_par' dir='ltr' id='par_1_5' title="bbox 157 1149 683 1215">
     <span class='ocr_line' id='line_1_6' title="bbox 157 1149 683 1215; baseline -0.006 -13"><span class='ocrx_word' id='word_1_36' title='bbox 157 1190 172 1215; x_wconf 82' lang='lat'>‚,</span> <span class='ocrx_word' id='word_1_37' title='bbox 206 1158 246 1203; x_wconf 84' lang='grc'><strong>20.</strong></span> <span class='ocrx_word' id='word_1_38' title='bbox 290 1188 305 1212; x_wconf 85' lang='lat'>‚,</span> <span class='ocrx_word' id='word_1_39' title='bbox 349 1154 388 1201; x_wconf 85' lang='grc'><strong>22.</strong></span> <span class='ocrx_word' id='word_1_40' title='bbox 406 1149 456 1214; x_wconf 81' lang='lat' dir='ltr'><strong>leg.</strong></span> <span class='ocrx_word' id='word_1_41' title='bbox 474 1149 683 1201; x_wconf 63' lang='lat' dir='ltr'>contrariarum</span> 
     </span>
    </p>

    <p class='ocr_par' dir='ltr' id='par_1_6' title="bbox 156 1233 903 1299">
     <span class='ocr_line' id='line_1_7' title="bbox 156 1233 903 1299; baseline -0.008 -11"><span class='ocrx_word' id='word_1_42' title='bbox 156 1274 169 1298; x_wconf 84' lang='lat'>‚‚</span> <span class='ocrx_word' id='word_1_43' title='bbox 204 1243 243 1288; x_wconf 90' lang='grc'><strong>20.</strong></span> <span class='ocrx_word' id='word_1_44' title='bbox 288 1274 302 1298; x_wconf 87' lang='grc'>,,</span> <span class='ocrx_word' id='word_1_45' title='bbox 404 1234 452 1286; x_wconf 87' lang='lat' dir='ltr'>ult.</span> <span class='ocrx_word' id='word_1_46' title='bbox 469 1235 520 1286; x_wconf 80' lang='lat' dir='ltr'>dol.</span> <span class='ocrx_word' id='word_1_47' title='bbox 539 1247 641 1286; x_wconf 69' lang='lat' dir='ltr'>comma</span> <span class='ocrx_word' id='word_1_48' title='bbox 657 1239 717 1284; x_wconf 76' lang='lat' dir='ltr'>ante</span> <span class='ocrx_word' id='word_1_49' title='bbox 732 1233 843 1299; x_wconf 79' lang='lat' dir='ltr'>propria</span> <span class='ocrx_word' id='word_1_50' title='bbox 861 1234 903 1283; x_wconf 76' lang='lat' dir='ltr'>sit.</span> 
     </span>
    </p>

    <p class='ocr_par' dir='ltr' id='par_1_7' title="bbox 155 1316 786 1385">
     <span class='ocr_line' id='line_1_8' title="bbox 155 1316 786 1385; baseline -0.005 -14"><span class='ocrx_word' id='word_1_51' title='bbox 155 1357 169 1384; x_wconf 88' lang='lat'>‚,</span> <span class='ocrx_word' id='word_1_52' title='bbox 203 1326 242 1373; x_wconf 83' lang='grc'><strong>23.</strong></span> <span class='ocrx_word' id='word_1_53' title='bbox 286 1356 302 1382; x_wconf 86' lang='grc'>,,</span> <span class='ocrx_word' id='word_1_54' title='bbox 347 1325 386 1370; x_wconf 86' lang='grc'><strong>10.</strong></span> <span class='ocrx_word' id='word_1_55' title='bbox 404 1318 583 1385; x_wconf 71' lang='lat' dir='ltr'>profecerit</span> <span class='ocrx_word' id='word_1_56' title='bbox 601 1332 666 1370; x_wconf 81' lang='lat' dir='ltr'>corr.</span> <span class='ocrx_word' id='word_1_57' title='bbox 678 1316 786 1383; x_wconf 68' lang='lat' dir='ltr'>suerit.</span> 
     </span>
    </p>

    <p class='ocr_par' dir='ltr' id='par_1_8' title="bbox 154 1401 1257 1540">
     <span class='ocr_line' id='line_1_9' title="bbox 154 1401 1257 1469; baseline -0.003 -13"><span class='ocrx_word' id='word_1_58' title='bbox 154 1442 168 1469; x_wconf 86' lang='lat'>‚,</span> <span class='ocrx_word' id='word_1_59' title='bbox 203 1411 242 1457; x_wconf 79' lang='grc'><strong>23.</strong></span> <span class='ocrx_word' id='word_1_60' title='bbox 286 1441 302 1469; x_wconf 89' lang='grc'>,,</span> <span class='ocrx_word' id='word_1_61' title='bbox 347 1409 386 1455; x_wconf 81' lang='grc'><strong>19.</strong></span> <span class='ocrx_word' id='word_1_62' title='bbox 405 1404 439 1454; x_wconf 79' lang='lat' dir='ltr'>ob</span> <span class='ocrx_word' id='word_1_63' title='bbox 455 1403 502 1454; x_wconf 78' lang='lat' dir='ltr'>int.</span> <span class='ocrx_word' id='word_1_64' title='bbox 519 1411 581 1454; x_wconf 77' lang='lat' dir='ltr'>outo</span> <span class='ocrx_word' id='word_1_65' title='bbox 599 1402 630 1453; x_wconf 75' lang='lat' dir='ltr'>do</span> <span class='ocrx_word' id='word_1_66' title='bbox 649 1419 699 1468; x_wconf 79' lang='lat' dir='ltr'>quo</span> <span class='ocrx_word' id='word_1_67' title='bbox 715 1402 766 1454; x_wconf 77' lang='lat' dir='ltr'><strong>del.</strong></span> <span class='ocrx_word' id='word_1_68' title='bbox 784 1411 820 1464; x_wconf 77' lang='lat' dir='ltr'>ut,</span> <span class='ocrx_word' id='word_1_69' title='bbox 837 1404 862 1452; x_wconf 88' lang='lat' dir='ltr'>in</span> <span class='ocrx_word' id='word_1_70' title='bbox 881 1403 952 1454; x_wconf 85' lang='lat' dir='ltr'>ouius</span> <span class='ocrx_word' id='word_1_71' title='bbox 969 1401 1055 1454; x_wconf 78' lang='lat' dir='ltr'>locum</span> <span class='ocrx_word' id='word_1_72' title='bbox 1068 1417 1170 1454; x_wconf 79' lang='lat' dir='ltr'>oouuuo</span> <span class='ocrx_word' id='word_1_73' title='bbox 1187 1402 1257 1454; x_wconf 77' lang='lat' dir='ltr'>suffi-</span> 
     </span>
     <span class='ocr_line' id='line_1_10' title="bbox 389 1485 583 1540; baseline 0.005 -1"><span class='ocrx_word' id='word_1_74' title='bbox 389 1488 509 1539; x_wconf 82' lang='lat' dir='ltr'>oioudum</span> <span class='ocrx_word' id='word_1_75' title='bbox 526 1485 583 1540; x_wconf 83' lang='lat' dir='ltr'>fuit.</span> 
     </span>
    </p>

    <p class='ocr_par' dir='ltr' id='par_1_9' title="bbox 152 1571 921 1638">
     <span class='ocr_line' id='line_1_11' title="bbox 152 1571 921 1638; baseline -0.003 -13"><span class='ocrx_word' id='word_1_76' title='bbox 152 1611 167 1637; x_wconf 89' lang='lat'>„</span> <span class='ocrx_word' id='word_1_77' title='bbox 202 1581 242 1626; x_wconf 78' lang='lat'>24.</span> <span class='ocrx_word' id='word_1_78' title='bbox 285 1611 301 1636; x_wconf 87' lang='lat'>‚‚</span> <span class='ocrx_word' id='word_1_79' title='bbox 362 1578 386 1624; x_wconf 83' lang='lat'>8.</span> <span class='ocrx_word' id='word_1_80' title='bbox 404 1572 438 1623; x_wconf 79' lang='lat' dir='ltr'>ub</span> <span class='ocrx_word' id='word_1_81' title='bbox 455 1571 501 1623; x_wconf 83' lang='lat' dir='ltr'>iuf.</span> <span class='ocrx_word' id='word_1_82' title='bbox 519 1571 537 1623; x_wconf 86' lang='lat'>1.</span> <span class='ocrx_word' id='word_1_83' title='bbox 555 1571 695 1624; x_wconf 63' lang='lat' dir='ltr'>attentior</span> <span class='ocrx_word' id='word_1_84' title='bbox 711 1587 759 1638; x_wconf 85' lang='lat' dir='ltr'>pro</span> <span class='ocrx_word' id='word_1_85' title='bbox 777 1571 921 1624; x_wconf 64' lang='lat' dir='ltr'>enantion</span> 
     </span>
    </p>

    <p class='ocr_par' dir='ltr' id='par_1_10' title="bbox 150 1655 820 1722">
     <span class='ocr_line' id='line_1_12' title="bbox 150 1655 820 1722; baseline -0.004 -13"><span class='ocrx_word' id='word_1_86' title='bbox 150 1697 165 1722; x_wconf 92' lang='lat'>„</span> <span class='ocrx_word' id='word_1_87' title='bbox 201 1665 240 1711; x_wconf 82' lang='grc'><strong>24.</strong></span> <span class='ocrx_word' id='word_1_88' title='bbox 285 1695 301 1721; x_wconf 87' lang='grc'>,,</span> <span class='ocrx_word' id='word_1_89' title='bbox 362 1663 386 1709; x_wconf 94' lang='grc'><strong>2.</strong></span> <span class='ocrx_word' id='word_1_90' title='bbox 404 1672 465 1709; x_wconf 75' lang='lat' dir='ltr'><strong>ann.</strong></span> <span class='ocrx_word' id='word_1_91' title='bbox 483 1657 516 1707; x_wconf 78' lang='lat' dir='ltr'>ob</span> <span class='ocrx_word' id='word_1_92' title='bbox 533 1655 578 1707; x_wconf 82' lang='lat' dir='ltr'>inf.</span> <span class='ocrx_word' id='word_1_93' title='bbox 596 1656 613 1707; x_wconf 90' lang='lat' dir='ltr'>l.</span> <span class='ocrx_word' id='word_1_94' title='bbox 633 1656 675 1706; x_wconf 79' lang='lat' dir='ltr'>vir</span> <span class='ocrx_word' id='word_1_95' title='bbox 692 1672 739 1722; x_wconf 86' lang='lat' dir='ltr'>pro</span> <span class='ocrx_word' id='word_1_96' title='bbox 759 1656 820 1707; x_wconf 82' lang='lat' dir='ltr'>virt.</span> 
     </span>
    </p>

    <p class='ocr_par' dir='ltr' id='par_1_11' title="bbox 152 1739 830 1808">
     <span class='ocr_line' id='line_1_13' title="bbox 152 1739 830 1808; baseline -0.001 -15"><span class='ocrx_word' id='word_1_97' title='bbox 152 1780 167 1805; x_wconf 90' lang='lat'>„</span> <span class='ocrx_word' id='word_1_98' title='bbox 201 1749 242 1795; x_wconf 83' lang='grc'><strong>211.</strong></span> <span class='ocrx_word' id='word_1_99' title='bbox 286 1780 302 1806; x_wconf 84' lang='lat'>„</span> <span class='ocrx_word' id='word_1_100' title='bbox 361 1739 830 1808; x_wconf 58' lang='grc' dir='ltr'>21113.θονρίαωρτοθεονρίωη.</span> 
     </span>
    </p>

    <p class='ocr_par' dir='ltr' id='par_1_12' title="bbox 155 1827 666 1890">
     <span class='ocr_line' id='line_1_14' title="bbox 155 1827 666 1890; baseline 0.004 -15"><span class='ocrx_word' id='word_1_101' title='bbox 155 1862 170 1890; x_wconf 89' lang='lat'>‚,</span> <span class='ocrx_word' id='word_1_102' title='bbox 204 1831 245 1877; x_wconf 75' lang='grc'><strong>25.</strong></span> <span class='ocrx_word' id='word_1_103' title='bbox 288 1861 304 1888; x_wconf 81' lang='lat'><strong>„</strong></span> <span class='ocrx_word' id='word_1_104' title='bbox 347 1829 388 1877; x_wconf 83' lang='grc'><strong>27.</strong></span> <span class='ocrx_word' id='word_1_105' title='bbox 404 1827 455 1888; x_wconf 80' lang='lat' dir='ltr'>leg.</span> <span class='ocrx_word' id='word_1_106' title='bbox 474 1835 666 1878; x_wconf 72' lang='lat' dir='ltr'>consummata.</span> 
     </span>
    </p>

    <p class='ocr_par' dir='ltr' id='par_1_13' title="bbox 154 1910 695 1976">
     <span class='ocr_line' id='line_1_15' title="bbox 154 1910 695 1976; baseline 0.002 -17"><span class='ocrx_word' id='word_1_107' title='bbox 154 1910 695 1976; x_wconf 50' lang='lat' dir='ltr'><strong>„n„2fflmmm.</strong></span> 
     </span>
    </p>

    <p class='ocr_par' dir='ltr' id='par_1_14' title="bbox 153 1993 627 2060">
     <span class='ocr_line' id='line_1_16' title="bbox 153 1993 627 2060; baseline 0.004 -17"><span class='ocrx_word' id='word_1_108' title='bbox 153 2032 169 2058; x_wconf 86' lang='lat'>‚,</span> <span class='ocrx_word' id='word_1_109' title='bbox 203 1997 245 2045; x_wconf 85' lang='grc'><strong>27.</strong></span> <span class='ocrx_word' id='word_1_110' title='bbox 290 2029 305 2057; x_wconf 88' lang='lat'>„</span> <span class='ocrx_word' id='word_1_111' title='bbox 351 1998 390 2045; x_wconf 85' lang='grc'><strong>16.</strong></span> <span class='ocrx_word' id='word_1_112' title='bbox 408 1993 458 2058; x_wconf 81' lang='lat' dir='ltr'>leg.</span> <span class='ocrx_word' id='word_1_113' title='bbox 476 2003 501 2044; x_wconf 77' lang='lat' dir='ltr'>et</span> <span class='ocrx_word' id='word_1_114' title='bbox 517 2010 565 2060; x_wconf 84' lang='lat' dir='ltr'>pro</span> <span class='ocrx_word' id='word_1_115' title='bbox 582 2004 627 2046; x_wconf 78' lang='lat' dir='ltr'>etc.</span> 
     </span>
    </p>

    <p class='ocr_par' dir='ltr' id='par_1_15' title="bbox 154 2078 785 2146">
     <span class='ocr_line' id='line_1_17' title="bbox 154 2078 785 2146; baseline 0.002 -18"><span class='ocrx_word' id='word_1_116' title='bbox 154 2114 169 2139; x_wconf 89' lang='lat'>„</span> <span class='ocrx_word' id='word_1_117' title='bbox 204 2083 245 2129; x_wconf 80' lang='grc'><strong>28.</strong></span> <span class='ocrx_word' id='word_1_118' title='bbox 288 2114 304 2141; x_wconf 86' lang='grc'>,,</span> <span class='ocrx_word' id='word_1_119' title='bbox 366 2083 388 2129; x_wconf 87' lang='grc'>7.</span> <span class='ocrx_word' id='word_1_120' title='bbox 406 2079 440 2130; x_wconf 74' lang='lat' dir='ltr'>ab</span> <span class='ocrx_word' id='word_1_121' title='bbox 455 2078 501 2130; x_wconf 81' lang='lat' dir='ltr'>ins.</span> <span class='ocrx_word' id='word_1_122' title='bbox 519 2079 570 2144; x_wconf 77' lang='lat' dir='ltr'>leg.</span> <span class='ocrx_word' id='word_1_123' title='bbox 591 2078 785 2146; x_wconf 73' lang='lat' dir='ltr'>olympiodori.</span> 
     </span>
    </p>

    <p class='ocr_par' dir='ltr' id='par_1_16' title="bbox 154 2159 887 2230">
     <span class='ocr_line' id='line_1_18' title="bbox 154 2159 887 2230; baseline 0.01 -19"><span class='ocrx_word' id='word_1_124' title='bbox 154 2198 169 2223; x_wconf 92' lang='lat'>,‚</span> <span class='ocrx_word' id='word_1_125' title='bbox 204 2167 244 2213; x_wconf 85' lang='grc'><strong>28.</strong></span> <span class='ocrx_word' id='word_1_126' title='bbox 287 2199 303 2226; x_wconf 90' lang='grc'>,,</span> <span class='ocrx_word' id='word_1_127' title='bbox 362 2169 386 2216; x_wconf 94' lang='grc'>2.</span> <span class='ocrx_word' id='word_1_128' title='bbox 404 2165 438 2216; x_wconf 76' lang='lat' dir='ltr'>ab</span> <span class='ocrx_word' id='word_1_129' title='bbox 454 2164 500 2216; x_wconf 82' lang='lat' dir='ltr'>inf.</span> <span class='ocrx_word' id='word_1_130' title='bbox 518 2165 569 2230; x_wconf 77' lang='lat' dir='ltr'>leg.</span> <span class='ocrx_word' id='word_1_131' title='bbox 595 2164 697 2216; x_wconf 73' lang='lat' dir='ltr'>Verum</span> <span class='ocrx_word' id='word_1_132' title='bbox 714 2180 761 2230; x_wconf 85' lang='lat' dir='ltr'>pro</span> <span class='ocrx_word' id='word_1_133' title='bbox 785 2159 887 2218; x_wconf 65' lang='lat' dir='ltr'>Virum.</span> 
     </span>
    </p>
   </div>
   <div class='ocr_carea' id='block_1_4' title="bbox 134 2349 1256 3088">
    <p class='ocr_par' dir='ltr' id='par_1_17' title="bbox 134 2349 827 2416">
     <span class='ocr_line' id='line_1_19' title="bbox 134 2349 827 2416; baseline 0.001 -17"><span class='ocrx_word' id='word_1_134' title='bbox 134 2350 199 2412; x_wconf 80' lang='lat' dir='ltr'><strong>Pag.</strong></span> <span class='ocrx_word' id='word_1_135' title='bbox 219 2354 241 2400; x_wconf 95' lang='grc'><strong>1.</strong></span> <span class='ocrx_word' id='word_1_136' title='bbox 260 2365 319 2402; x_wconf 79' lang='lat' dir='ltr'>aun.</span> <span class='ocrx_word' id='word_1_137' title='bbox 337 2351 385 2402; x_wconf 84' lang='lat' dir='ltr'>eol.</span> <span class='ocrx_word' id='word_1_138' title='bbox 402 2352 424 2403; x_wconf 84' lang='lat' dir='ltr'>L</span> <span class='ocrx_word' id='word_1_139' title='bbox 442 2367 509 2403; x_wconf 76' lang='lat' dir='ltr'>voro.</span> <span class='ocrx_word' id='word_1_140' title='bbox 528 2387 555 2402; x_wconf 86' lang='lat'>..</span> <span class='ocrx_word' id='word_1_141' title='bbox 573 2351 608 2402; x_wconf 74' lang='lat' dir='ltr'>ab</span> <span class='ocrx_word' id='word_1_142' title='bbox 625 2349 670 2402; x_wconf 77' lang='lat' dir='ltr'>ius.</span> <span class='ocrx_word' id='word_1_143' title='bbox 688 2351 746 2400; x_wconf 80' lang='lat' dir='ltr'>delo</span> <span class='ocrx_word' id='word_1_144' title='bbox 763 2351 827 2416; x_wconf 72' lang='lat' dir='ltr'>ipae.</span> 
     </span>
    </p>

    <p class='ocr_par' dir='ltr' id='par_1_18' title="bbox 151 2433 975 2501">
     <span class='ocr_line' id='line_1_20' title="bbox 151 2433 975 2501; baseline 0.002 -18"><span class='ocrx_word' id='word_1_145' title='bbox 151 2468 167 2495; x_wconf 91' lang='lat'>‚,</span> <span class='ocrx_word' id='word_1_146' title='bbox 203 2434 243 2485; x_wconf 78' lang='lat'>57.</span> <span class='ocrx_word' id='word_1_147' title='bbox 261 2448 321 2485; x_wconf 79' lang='lat' dir='ltr'>uun.</span> <span class='ocrx_word' id='word_1_148' title='bbox 340 2435 388 2486; x_wconf 84' lang='lat' dir='ltr'>ool.</span> <span class='ocrx_word' id='word_1_149' title='bbox 406 2435 441 2487; x_wconf 91' lang='lat'>11.</span> <span class='ocrx_word' id='word_1_150' title='bbox 458 2451 524 2486; x_wconf 81' lang='lat' dir='ltr'>vers.</span> <span class='ocrx_word' id='word_1_151' title='bbox 545 2437 568 2486; x_wconf 85' lang='lat'>7.</span> <span class='ocrx_word' id='word_1_152' title='bbox 586 2435 619 2487; x_wconf 75' lang='lat' dir='ltr'>ab</span> <span class='ocrx_word' id='word_1_153' title='bbox 637 2433 683 2486; x_wconf 83' lang='lat' dir='ltr'>inf.</span> <span class='ocrx_word' id='word_1_154' title='bbox 700 2435 759 2499; x_wconf 78' lang='lat' dir='ltr'>logo</span> <span class='ocrx_word' id='word_1_155' title='bbox 777 2451 831 2485; x_wconf 82' lang='lat' dir='ltr'>eum</span> <span class='ocrx_word' id='word_1_156' title='bbox 848 2451 896 2501; x_wconf 85' lang='lat' dir='ltr'>pro</span> <span class='ocrx_word' id='word_1_157' title='bbox 914 2452 975 2485; x_wconf 78' lang='lat' dir='ltr'>cum.</span> 
     </span>
    </p>

    <p class='ocr_par' dir='ltr' id='par_1_19' title="bbox 151 2518 1106 2584">
     <span class='ocr_line' id='line_1_21' title="bbox 151 2518 1106 2584; baseline 0.004 -16"><span class='ocrx_word' id='word_1_158' title='bbox 151 2553 167 2578; x_wconf 91' lang='lat'>‚‚</span> <span class='ocrx_word' id='word_1_159' title='bbox 202 2523 243 2569; x_wconf 86' lang='grc'><strong>62.</strong></span> <span class='ocrx_word' id='word_1_160' title='bbox 262 2533 323 2569; x_wconf 79' lang='lat' dir='ltr'>unu.</span> <span class='ocrx_word' id='word_1_161' title='bbox 342 2518 391 2570; x_wconf 81' lang='lat' dir='ltr'>ool.</span> <span class='ocrx_word' id='word_1_162' title='bbox 408 2519 443 2569; x_wconf 89' lang='lat'>11.</span> <span class='ocrx_word' id='word_1_163' title='bbox 461 2534 527 2570; x_wconf 79' lang='lat' dir='ltr'>voro.</span> <span class='ocrx_word' id='word_1_164' title='bbox 546 2525 570 2570; x_wconf 86' lang='grc'><strong>6.</strong></span> <span class='ocrx_word' id='word_1_165' title='bbox 589 2520 623 2571; x_wconf 80' lang='lat' dir='ltr'>ub</span> <span class='ocrx_word' id='word_1_166' title='bbox 640 2518 684 2570; x_wconf 80' lang='lat' dir='ltr'>inf.</span> <span class='ocrx_word' id='word_1_167' title='bbox 703 2519 761 2584; x_wconf 80' lang='lat' dir='ltr'>logo</span> <span class='ocrx_word' id='word_1_168' title='bbox 780 2519 892 2570; x_wconf 77' lang='lat' dir='ltr'>breviter</span> <span class='ocrx_word' id='word_1_169' title='bbox 908 2535 956 2584; x_wconf 83' lang='lat' dir='ltr'>pro</span> <span class='ocrx_word' id='word_1_170' title='bbox 974 2520 1106 2572; x_wconf 76' lang='lat' dir='ltr'>brevitate.</span> 
     </span>
    </p>

    <p class='ocr_par' dir='ltr' id='par_1_20' title="bbox 152 2603 848 2671">
     <span class='ocr_line' id='line_1_22' title="bbox 152 2603 848 2671; baseline 0.006 -19"><span class='ocrx_word' id='word_1_171' title='bbox 152 2639 167 2664; x_wconf 90' lang='lat'>,‚</span> <span class='ocrx_word' id='word_1_172' title='bbox 204 2605 244 2653; x_wconf 88' lang='grc'><strong>72.</strong></span> <span class='ocrx_word' id='word_1_173' title='bbox 262 2618 322 2655; x_wconf 79' lang='lat' dir='ltr'>unu.</span> <span class='ocrx_word' id='word_1_174' title='bbox 341 2603 389 2654; x_wconf 87' lang='lat' dir='ltr'>ool.</span> <span class='ocrx_word' id='word_1_175' title='bbox 407 2603 428 2654; x_wconf 84' lang='lat' dir='ltr'>L</span> <span class='ocrx_word' id='word_1_176' title='bbox 446 2618 511 2656; x_wconf 76' lang='lat' dir='ltr'>vers.</span> <span class='ocrx_word' id='word_1_177' title='bbox 532 2609 571 2655; x_wconf 93' lang='grc'><strong>11.</strong></span> <span class='ocrx_word' id='word_1_178' title='bbox 589 2604 647 2669; x_wconf 81' lang='lat' dir='ltr'>lege</span> <span class='ocrx_word' id='word_1_179' title='bbox 665 2603 710 2656; x_wconf 76' lang='lat' dir='ltr'>Sic</span> <span class='ocrx_word' id='word_1_180' title='bbox 727 2621 774 2671; x_wconf 88' lang='lat' dir='ltr'>pro</span> <span class='ocrx_word' id='word_1_181' title='bbox 792 2603 848 2656; x_wconf 75' lang='lat' dir='ltr'>Six.</span> 
     </span>
    </p>

    <p class='ocr_par' dir='ltr' id='par_1_21' title="bbox 152 2686 1256 2755">
     <span class='ocr_line' id='line_1_23' title="bbox 152 2686 1256 2755; baseline 0.003 -19"><span class='ocrx_word' id='word_1_182' title='bbox 152 2723 167 2750; x_wconf 90' lang='lat'><strong>„</strong></span> <span class='ocrx_word' id='word_1_183' title='bbox 204 2687 244 2737; x_wconf 81' lang='grc'><strong>76.</strong></span> <span class='ocrx_word' id='word_1_184' title='bbox 263 2702 324 2738; x_wconf 77' lang='lat' dir='ltr'>unu.</span> <span class='ocrx_word' id='word_1_185' title='bbox 342 2686 391 2738; x_wconf 86' lang='lat' dir='ltr'>ool.</span> <span class='ocrx_word' id='word_1_186' title='bbox 408 2687 430 2738; x_wconf 86' lang='lat' dir='ltr'><strong>L</strong></span> <span class='ocrx_word' id='word_1_187' title='bbox 446 2702 512 2739; x_wconf 77' lang='lat' dir='ltr'>voro.</span> <span class='ocrx_word' id='word_1_188' title='bbox 530 2693 554 2740; x_wconf 81' lang='grc'><strong>4.</strong></span> <span class='ocrx_word' id='word_1_189' title='bbox 572 2688 630 2752; x_wconf 79' lang='lat' dir='ltr'>logo</span> <span class='ocrx_word' id='word_1_190' title='bbox 648 2688 725 2740; x_wconf 75' lang='lat' dir='ltr'>solito</span> <span class='ocrx_word' id='word_1_191' title='bbox 742 2705 790 2755; x_wconf 86' lang='lat' dir='ltr'>pro</span> <span class='ocrx_word' id='word_1_192' title='bbox 808 2705 849 2752; x_wconf 83' lang='lat' dir='ltr'>eo,</span> <span class='ocrx_word' id='word_1_193' title='bbox 867 2690 934 2754; x_wconf 89' lang='lat' dir='ltr'>quod</span> <span class='ocrx_word' id='word_1_194' title='bbox 952 2702 1021 2739; x_wconf 86' lang='lat' dir='ltr'>nunc</span> <span class='ocrx_word' id='word_1_195' title='bbox 1038 2688 1150 2755; x_wconf 84' lang='lat' dir='ltr'>primum</span> <span class='ocrx_word' id='word_1_196' title='bbox 1168 2701 1256 2739; x_wconf 79' lang='lat' dir='ltr'>errore</span> 
     </span>
    </p>

    <p class='ocr_par' dir='ltr' id='par_1_22' title="bbox 390 2765 750 2837">
     <span class='ocr_line' id='line_1_24' title="bbox 390 2765 750 2837; baseline 0.011 -17"><span class='ocrx_word' id='word_1_197' title='bbox 390 2772 520 2822; x_wconf 78' lang='lat' dir='ltr'>invectum</span> <span class='ocrx_word' id='word_1_198' title='bbox 538 2780 584 2837; x_wconf 77' lang='lat' dir='ltr'>ost,</span> <span class='ocrx_word' id='word_1_199' title='bbox 602 2772 696 2826; x_wconf 73' lang='lat' dir='ltr'>solitis.</span> <span class='ocrx_word' id='word_1_200' title='bbox 737 2765 750 2784; x_wconf 79' lang='lat'><em>⁶</em></span> 
     </span>
    </p>

    <p class='ocr_par' dir='ltr' id='par_1_23' title="bbox 153 2857 996 2924">
     <span class='ocr_line' id='line_1_25' title="bbox 153 2857 996 2924; baseline 0.006 -21"><span class='ocrx_word' id='word_1_201' title='bbox 153 2891 168 2916; x_wconf 85' lang='lat'>‚‚</span> <span class='ocrx_word' id='word_1_202' title='bbox 189 2858 246 2907; x_wconf 84' lang='grc'><strong>116.</strong></span> <span class='ocrx_word' id='word_1_203' title='bbox 264 2871 324 2906; x_wconf 76' lang='lat' dir='ltr'>unu.</span> <span class='ocrx_word' id='word_1_204' title='bbox 343 2857 391 2907; x_wconf 85' lang='lat' dir='ltr'>ool.</span> <span class='ocrx_word' id='word_1_205' title='bbox 409 2857 430 2908; x_wconf 93' lang='grc' dir='ltr'><strong>Ι.</strong></span> <span class='ocrx_word' id='word_1_206' title='bbox 448 2872 514 2909; x_wconf 78' lang='lat' dir='ltr'>voro.</span> <span class='ocrx_word' id='word_1_207' title='bbox 534 2863 573 2910; x_wconf 75' lang='lat'>1³.</span> <span class='ocrx_word' id='word_1_208' title='bbox 590 2873 673 2923; x_wconf 80' lang='lat' dir='ltr'>ponus</span> <span class='ocrx_word' id='word_1_209' title='bbox 691 2857 750 2909; x_wconf 80' lang='lat' dir='ltr'>vide</span> <span class='ocrx_word' id='word_1_210' title='bbox 767 2865 826 2924; x_wconf 76' lang='lat' dir='ltr'>post</span> <span class='ocrx_word' id='word_1_211' title='bbox 842 2858 996 2924; x_wconf 61' lang='lat' dir='ltr'>infidorum.</span> 
     </span>
    </p>

    <p class='ocr_par' dir='ltr' id='par_1_24' title="bbox 155 2939 1099 3009">
     <span class='ocr_line' id='line_1_26' title="bbox 155 2939 1099 3009; baseline 0.008 -23"><span class='ocrx_word' id='word_1_212' title='bbox 155 2973 170 2998; x_wconf 92' lang='lat'>‚‚</span> <span class='ocrx_word' id='word_1_213' title='bbox 190 2943 246 2990; x_wconf 83' lang='grc'><strong>193.</strong></span> <span class='ocrx_word' id='word_1_214' title='bbox 265 2955 324 2989; x_wconf 82' lang='lat' dir='ltr'>aun.</span> <span class='ocrx_word' id='word_1_215' title='bbox 343 2939 390 2991; x_wconf 83' lang='lat' dir='ltr'>eol.</span> <span class='ocrx_word' id='word_1_216' title='bbox 408 2940 443 2990; x_wconf 92' lang='lat'>11.</span> <span class='ocrx_word' id='word_1_217' title='bbox 460 2957 525 2993; x_wconf 80' lang='lat' dir='ltr'>vero.</span> <span class='ocrx_word' id='word_1_218' title='bbox 545 2947 585 2993; x_wconf 82' lang='grc'><strong>14.</strong></span> <span class='ocrx_word' id='word_1_219' title='bbox 603 2943 662 3006; x_wconf 80' lang='lat' dir='ltr'>lege</span> <span class='ocrx_word' id='word_1_220' title='bbox 680 2952 842 3008; x_wconf 69' lang='lat' dir='ltr'>usurpatam</span> <span class='ocrx_word' id='word_1_221' title='bbox 858 2959 907 3009; x_wconf 85' lang='lat' dir='ltr'>pro</span> <span class='ocrx_word' id='word_1_222' title='bbox 925 2950 1099 3007; x_wconf 60' lang='lat' dir='ltr'>usurpatum.</span> 
     </span>
    </p>

    <p class='ocr_par' dir='ltr' id='par_1_25' title="bbox 156 3024 873 3088">
     <span class='ocr_line' id='line_1_27' title="bbox 156 3024 873 3088; baseline 0.007 -18"><span class='ocrx_word' id='word_1_223' title='bbox 156 3058 171 3083; x_wconf 89' lang='lat'>‚‚</span> <span class='ocrx_word' id='word_1_224' title='bbox 189 3026 247 3072; x_wconf 83' lang='grc'><strong>222.</strong></span> <span class='ocrx_word' id='word_1_225' title='bbox 265 3038 325 3073; x_wconf 81' lang='lat' dir='ltr'>anu.</span> <span class='ocrx_word' id='word_1_226' title='bbox 345 3024 392 3073; x_wconf 86' lang='lat' dir='ltr'>ool.</span> <span class='ocrx_word' id='word_1_227' title='bbox 411 3025 432 3075; x_wconf 91' lang='lat'>1.</span> <span class='ocrx_word' id='word_1_228' title='bbox 449 3039 514 3075; x_wconf 78' lang='lat' dir='ltr'>veru.</span> <span class='ocrx_word' id='word_1_229' title='bbox 534 3031 558 3076; x_wconf 83' lang='grc'><strong>11.</strong></span> <span class='ocrx_word' id='word_1_230' title='bbox 576 3026 635 3087; x_wconf 78' lang='lat' dir='ltr'>lego</span> <span class='ocrx_word' id='word_1_231' title='bbox 652 3024 716 3074; x_wconf 84' lang='lat' dir='ltr'>Hoec</span> <span class='ocrx_word' id='word_1_232' title='bbox 733 3041 781 3088; x_wconf 88' lang='lat' dir='ltr'>pro</span> <span class='ocrx_word' id='word_1_233' title='bbox 798 3024 833 3076; x_wconf 89' lang='grc' dir='ltr'><strong>Η.</strong></span> <span class='ocrx_word' id='word_1_234' title='bbox 852 3041 873 3075; x_wconf 84' lang='lat' dir='ltr'>e.</span> 
     </span>
    </p>
   </div>
   <div class='ocr_carea' id='block_1_5' title="bbox 72 3153 1097 3219">
    <p class='ocr_par' dir='ltr' id='par_1_26' title="bbox 72 3153 1097 3219">
     <span class='ocr_line' id='line_1_28' title="bbox 72 3153 1097 3219; baseline 0.004 -15"><span class='ocrx_word' id='word_1_235' title='bbox 72 3154 138 3204; x_wconf 81' lang='lat' dir='ltr'>Alio</span> <span class='ocrx_word' id='word_1_236' title='bbox 155 3153 253 3203; x_wconf 74' lang='lat' dir='ltr'>leviora</span> <span class='ocrx_word' id='word_1_237' title='bbox 270 3162 330 3204; x_wconf 76' lang='lat' dir='ltr'>suut</span> <span class='ocrx_word' id='word_1_238' title='bbox 348 3169 425 3216; x_wconf 80' lang='lat' dir='ltr'>quam</span> <span class='ocrx_word' id='word_1_239' title='bbox 442 3163 471 3204; x_wconf 83' lang='lat' dir='ltr'>ut</span> <span class='ocrx_word' id='word_1_240' title='bbox 488 3157 520 3204; x_wconf 85' lang='lat' dir='ltr'>do</span> <span class='ocrx_word' id='word_1_241' title='bbox 537 3155 568 3204; x_wconf 77' lang='lat' dir='ltr'>iio</span> <span class='ocrx_word' id='word_1_242' title='bbox 585 3156 723 3219; x_wconf 77' lang='lat' dir='ltr'>quidquam</span> <span class='ocrx_word' id='word_1_243' title='bbox 742 3156 954 3207; x_wconf 76' lang='lat' dir='ltr'>commonendum</span> <span class='ocrx_word' id='word_1_244' title='bbox 973 3157 1097 3209; x_wconf 73' lang='lat' dir='ltr'>videatur.</span> 
     </span>
    </p>
   </div>
   <div class='ocr_carea' id='block_1_6' title="bbox 0 0 1306 4620">
    <p class='ocr_par' dir='ltr' id='par_1_27' title="bbox 0 0 1306 4620">
     <span class='ocr_line' id='line_1_29' title="bbox 0 0 1306 4620; baseline 0 1"><span class='ocrx_word' id='word_1_245' title='bbox 0 0 1306 4620; x_wconf 95' lang='lat' dir='ltr'> </span> 
     </span>
    </p>
   </div>
  </div>
 </body>
</html>
