2604 4620
142 208 217 253 Lxu
505 202 768 249 Peon-:eostam

183 358 274 423 rfecti
298 355 488 441 philosophi,
516 355 571 437 qui
591 355 626 417 in
646 355 716 454 ipsa
737 354 801 418 vita
822 362 981 431 versetur,
1012 356 1153 445 legenti-

165 466 202 509 us
229 452 302 505 aute
329 440 436 504 oculos
466 440 542 539 poni
575 438 782 503 existimanda
808 438 857 504 sit
893 439 1042 505 Etiamsi
1069 442 1150 507 enim

140 525 339 615 philosophia
360 524 502 588 Platoms
522 523 640 588 iudicio
661 523 800 588 cernitur
819 524 853 587 in
866 534 1031 609 perpetuo
1046 528 1151 593 studio

141 610 313 697 sapientiae
334 621 428 694 atque
450 609 604 674 acerrima
616 608 879 695 redintegrandae
892 608 1048 675 idearum
1070 634 1149 701 cog·

140 696 269 761 nitionis
297 693 480 781 cupiditate,
509 695 651 777 adeoque
677 693 758 757 hanc
780 694 844 757 vim
862 693 972 771 habet,
995 706 1037 759 nt
1051 697 1151 781 quiei

140 780 266 845 deditus
294 780 348 857 sit,
380 780 408 844 is
433 792 468 843 et
493 790 639 843 aeternae
667 777 798 844 rationis
829 778 1015 864 praeceptis
1046 804 1152 867 usqne

141 866 337 951 obtemperet
364 876 395 928 ot
421 887 454 928 se
478 864 603 928 virtum
631 886 668 928 ac
691 863 864 948 sapientiae
885 884 994 929 amore
1018 865 1150 933 beatur

140 972 212 1015 esse
240 949 368 1027 sentiat,
401 958 504 1011 tamen
529 970 589 1011 nec
615 947 793 1013 Alcibiadis
814 946 961 1014 oratione
987 949 1150 1019 mumodi

140 1034 294 1121 sapientis
319 1033 490 1117 imaginem
516 1032 677 1097 informari
696 1032 908 1111 meminimus,
931 1054 1020 1117 quae
1039 1039 1150 1137 potius

138 1121 174 1185 in
201 1141 277 1183 vero
303 1137 518 1206 germanoque
546 1112 679 1180 Socrate
704 1117 906 1205 depingendo
930 1140 1062 1185 versari
1083 1122 1150 1189 exi·

139 1203 298 1271 stimanda
323 1213 382 1281 est,
414 1223 473 1265 nec
498 1201 626 1264 omnino
651 1200 685 1263 in
712 1198 882 1287 Symposio
906 1202 941 1267 id
967 1226 1077 1271 unum
1098 1208 1149 1297 pgi

139 1301 299 1377 putamus,
321 1296 357 1351 ut
376 1284 554 1373 philosophi
575 1285 637 1350 isto
657 1285 752 1351 modo
772 1286 931 1351 informati
1006 1290 1079 1357 cies
1092 1292 1149 1359 de-

139 1375 301 1461 pingatur.
334 1370 550 1451 Quamobrem
571 1370 732 1454 aliquanto
753 1381 837 1436 certe
857 1308 1081 1458 prohibitore
1099 1378 1147 1443 vi-

139 1459 265 1535 dentur,
289 1478 371 1541 quae
392 1454 531 1521 breviter
551 1455 689 1539 quidem,
711 1456 769 1521 sed
779 1478 936 1543 perquam
949 1469 1049 1527 scum
1069 1464 1147 1529 scri·-

164 1544 205 1609 sit
230 1540 292 1607 Fr.
318 1537 458 1606 Aetius
484 1541 536 1605 De
561 1540 627 1605 vita
653 1551 685 1606 et
710 1541 837 1627 scriptis
862 1542 990 1608 Platon.
1017 1568 1054 1633 p.
1075 1548 1145 1613 309.

138 1564 304 1715 Symposii
336 1649 491 1691 summam
524 1648 562 1690 eo
589 1625 724 1709 denique
754 1626 857 1691 redire
884 1627 1078 1711 arbitratus,
1110 1644 1145 1697 nt

137 1736 234 1779 verus
255 1732 488 1799 germanusque
514 1732 601 1776 amor
622 1722 781 1794 tamquam
808 1713 884 1776 viva
903 1724 937 1777 et
957 1713 1144 1783 immortalis

139 1796 340 1885 philosophia
362 1795 569 1873 describatur,
589 1818 671 1879 quae
691 1795 845 1860 referatur
858 1797 900 1861 ad
913 1809 1081 1867 aeternam
1093 1802 1141 1867 di.

141 1883 310 1967 vinamque
343 1881 587 1968 pulcritudinem
617 1893 711 1964 atque
737 1903 831 1945 verae
859 1882 989 1949 virtutis
1017 1885 1135 1951 laudem

162 1990 199 2033 ro
245 1969 336 2032 sitam
357 1966 473 2030 habeat
496 1966 557 2049 (die
578 1967 660 2031 echte
680 1965 779 2030 Diade
801 1969 850 2030 ala
871 1969 1131 2037 dtaumtsottoto

138 1990 203 2115 iti
217 2053 342 2137 osopbie
371 2050 591 2127 demostenen,
620 2054 713 2115 deren
738 2051 847 2116 Zroeek
873 2053 1050 2142 wabrhaflr
1073 2054 1131 2119 st-

137 2138 349 2221 psadbt'ldanp
378 2138 444 2198 aad
471 2138 565 2198 deren
590 2131 788 2220 Geyeaatead
809 2139 859 2200 die
879 2140 1133 2229 aaserpdaylitbt

116 2220 350 2285 -rtberirda'sobe
374 2218 540 2283 Sebdabec't
564 2218 631 2305 ist).
676 2218 798 2321 Nempe
826 2232 970 2307 spectant
1000 2226 1147 2311 prolecto,

139 2304 244 2369 omnia
264 2305 297 2368 in
321 2300 491 2388 Symposio
512 2303 648 2388 denique
668 2306 710 2369 ad
731 2305 909 2371 divinarum
929 2330 1040 2375 rerum
1054 2332 1138 2375 amo·

139 2410 207 2455 rem
227 2391 358 2473 eiusque
380 2388 520 2454 studium
540 2388 772 2454 informandum
785 2400 879 2474 atque
892 2391 1139 2482 depingendum.

141 2474 254 2558 Neque
282 2488 387 2538 tamen
414 2474 554 2538 Astius
585 2475 637 2540 illo
668 2476 761 2540 effato
794 2497 852 2540 suo
880 2498 949 2541 com
973 2479 1068 2545 lexas
1093 2496 1140 2545 est

139 2560 255 2636 omnia,
283 2580 365 2641 quae
392 2558 434 2620 ad
453 2558 606 2623 iudicium
627 2560 666 2624 de
688 2571 754 2625 toto
774 2582 870 2645 opere
891 2500 1070 2648 prudenter
1086 2588 1137 2630 re·

138 2644 279 2731 gendum
300 2642 478 2707 necessario
498 2643 695 2728 respicienda
717 2657 805 2723 sunt3
834 2666 938 2730 neque
959 2648 1059 2715 etiam
1076 2650 1140 2715 ullo

138 2728 233 2792 modo
269 2725 460 2802 declaravit,
492 2748 660 2810 quamnam
690 2740 818 2814 putaret
849 2732 932 2797 inter
964 2734 1140 2801 orationem

141 2810 283 2878 Socratis
311 2823 351 2876 et·
368 2809 546 2877 Alcibiadis
577 2811 768 2879 intercedere
794 2817 1064 2885 necessitudinem
1079 2832 1140 2885 ant

160 2900 264 2964 ualem
291 2907 446 2962 statueret
470 2897 609 2982 quinque
634 2898 775 2983 priorum
796 2901 973 2967 orationum
994 2926 1069 2969 cnm
1088 2928 1139 2971 ne-

137 2921 223 3070 lquo
249 3006 346 3068 opere
373 3004 490 3047 nexum
516 2993 549 3048 ct
569 2984 807 3050 cohaerentiam.
841 2983 1047 3072 Quamquam
1063 3012 1139 3055 enm

136 3070 207 3135 iure
228 3068 382 3155 suspicari
402 3068 476 3134 licet
490 3091 562 3133 cum
578 3066 948 3138 Schleiermachero
967 3073 1137 3160 plurimum

138 3154 288 3219 tribuisse
309 3155 443 3219 orationi
463 3153 649 3232 Alcibiadis,
673 3176 775 3239 quum
794 3156 845 3234 iis,
866 3180 948 3242 quae
967 3156 1066 3247 supra
1081 3178 1133 3257 pe·

139 3240 277 3315 tulimus,
299 3237 408 3324 paullo
428 3249 501 3324 post
522 3240 719 3305 subiunxerit
738 3241 831 3306 haec:
855 3244 927 3319 ,dm
948 3243 1131 3330 Sympossoa
1249 3282 1252 3295 .

136 3325 219 3385 wit-d
240 3327 296 3387 der
316 3325 486 3387 vollcndcte
507 3324 638 3389 Menscb
663 3328 756 3390 selbot
773 3328 962 3413 yeacbildert
976 3328 1026 3391 ab
1044 3324 1129 3387 Ero-
1249 3302 1253 3341 ³

136 3406 218 3468 tiber
238 3409 305 3469 aad
327 3407 480 3472 Weiser.’'
514 3404 580 3472 Sed
608 3411 769 3476 transiisse
795 3412 918 3476 iuvabit
938 3404 978 3478 ad
1000 3408 1131 3473 alionrm
1250 3436 1254 3447 ·

137 3510 264 3573 quoque
289 3490 429 3555 virorum
453 3493 616 3558 doctorum
640 3495 771 3573 iudicia,
806 3518 939 3581 quorum
962 3493 1134 3559 auaoritas

137 3575 173 3638 in
198 3575 259 3638 hac
283 3595 396 3638 caussa
420 3599 482 3641 non
508 3587 624 3643 temere
646 3580 836 3666 negligenda
862 3594 919 3648 est.
959 3578 1090 3645 Etenim
1115 3603 1136 3643 a

140 3657 495 3725 Schleiermacheri
515 3663 635 3729 ratione
654 3688 802 3753 magnam
821 3676 1137 3817 certepartempen·

139 3745 194 3810 det
221 3744 316 3810 etiam
337 3742 377 3808 L.
398 3743 425 3808 Ι.
447 3745 682 3827 ildebertus,
711 3752 855 3833 quamvis
881 3753 916 3817 in
942 3750 1013 3817 aliis
1034 3774 1058 3816 a
1096 3772 1138 3815 -ao

139 3831 269 3896 recedat
288 3829 480 3916 longissime.
502 3829 537 3895 Is
550 3834 633 3897 enim
645 3835 680 3899 in
693 3835 769 3901 edit.
782 3835 918 3903 Conviv.
932 3836 1017 3903 Pist.
1030 3860 1065 3925 p.
1072 3837 1138 3900 Ι218

141 3938 212 4001 sqq.
238 3916 401 3981 Platonem
433 3927 541 3981 censet
567 3918 599 3982 in
626 3916 795 4007 Symposio
826 3923 886 3988 sub
912 3944 1051 4008 persona
1072 3918 1138 3987 So·

140 4004 234 4065 eratis
266 4002 468 4087 proposuisse
499 4004 666 4088 imaginem
697 4006 872 4092 philosophi
904 4007 989 4071 omni
1019 4008 1165 4073 virute·
