2604 4620
195 234 238 295 θλ
545 233 830 306 Ι,ΡλιλλΤΟΝΙΕ

137 484 144 496 x
197 404 315 492 βόντις
338 401 385 490 μὴ
412 402 568 472 ἑκάστοτε
592 371 850 490 ἐπιλελήσμεθα,
878 404 1008 487 ιλδότας
1031 409 1083 478 ἀεὶ
1108 397 1214 498 μίμνε-

200 511 289 576 σθαι
314 507 370 570 καὶ
395 501 448 570 αἐὶ
476 500 530 571 διό
556 508 634 590 βίον
662 508 801 573 εἰδέναι·
830 502 868 573 τό
895 503 960 595 γὰρ
976 512 1096 578 εἰδέναι
1112 512 1207 580 τοῦτ’

201 610 281 690 ἐστί,
307 601 459 688 λαβόντα
491 628 550 671 του
579 603 761 691 ἐπιστήμην
787 609 870 693 ἔχειν
895 612 952 675 καὶ
975 606 1022 694 μή
1044 609 1214 680 ἀπολωλε-

199 711 300 792 κέναι.
326 700 347 788 ἢ
375 702 415 772 οὐ
442 707 542 772 τοῦτο
569 704 684 788 λήθην
710 708 862 793 λέγομεν,
896 697 920 773 ὦ
956 709 1108 796 Σιμμία,
1143 719 1214 779 λιιι-

144 801 170 860 Ε
199 802 326 891 στήμης
351 802 549 891 όαοβολήν;
599 803 746 884 Πόντος
771 805 890 888 δήπου,
917 814 988 900 ἔφη,
1015 801 1039 874 ὦ
1067 809 1213 903 Enispa·

199 932 263 986 τες.
313 911 355 974 Et
381 909 414 972 δέ
438 931 491 991 γε,
526 903 635 991 οἶμαι,
669 901 828 992 λαβόντες
861 913 939 997 πρὶν
971 916 1131 995 γενέσθαι
1164 939 1213 998 μι-

200 1003 357 1090 μνόμενοι
391 1004 637 1088 ότιωλέσαμεν,’
669 1006 812 1095 ὕστερον
856 1012 890 1074 δὲ
927 1020 1001 1088 ταῖς
1033 1008 1210 1094 αἰσθήσεσι

193 1103 359 1195 χρώμενοι
384 1108 460 1194 ’περὶ
486 1108 594 1171 ταῦτα
621 1109 745 1183 ὲκείνας
763 1105 1046 1196 ἀναλαμβάνομεν
1066 1110 1128 1191 τὰς
1143 1121 1214 1180 ἐντι-

196 1203 341 1292 στήμας,
368 1201 410 1284 otc
435 1230 515 1273 τιοτι
542 1208 598 1271 καὶ
624 1207 704 1293 πρὶν
726 1205 873 1292 εἴχομεν,
908 1197 966 1294 ἆρ’
1005 1207 1076 1296 οὐχ’
1109 1210 1213 1280 dno·

265 1471 328 1535 Cap.
346 1469 405 1522 XX.
443 1471 473 1521 Ι).
507 1469 551 1535 μή
577 1469 760 1538 λκαστοτε]
783 1469 901 1522 indecore
923 1470 957 1534 μή
984 1470 1061 1524 ΒοιλΙ.
1085 1474 1111 1524 λη
1129 1488 1209 1538 marg.

194 1538 259 1590 Ven.
280 1539 314 1592 Π,
334 1538 401 1591 Tub.
422 1539 488 1590 Dein
506 1537 701 1606 ἐπιλελήσμεθα
720 1540 777 1591 Vat.
797 1538 871 1590 Viud.
890 1542 951 1592 ΦΥ.
970 1538 1030 1591 Pur.
1047 1541 1105 1593 AC.
1119 1542 1207 1592 Ambr.

196 1609 262 1670 nug,
282 1606 354 1657 Flor.
375 1622 396 1660 c.
417 1608 484 1659 Zitt.
503 1607 572 1672 quod
590 1609 689 1673 recepit
705 1607 821 1659 Fischer.
842 1622 866 1659 v.
886 1614 972 1658 annot.

265 1675 338 1726 rldo'
349 1695 409 1734 τας
426 1674 480 1732 ἀεὶ
497 1676 536 1742 μ]
550 1676 601 1726 'Sic
620 1677 698 1731 Coist.
721 1678 783 1730 Ven.
803 1675 838 1726 Π.
857 1676 917 1727 Pur.
938 1676 1031 1727 λοῦ.
1050 1676 1120 1728 Flor.
1140 1694 1164 1727 a.
1184 1694 1208 1727 c.

196 1745 274 1862 dmm.
295 1751 321 1795 et
339 1761 354 1794 a
374 1758 411 1810 pr.
430 1760 465 1796 m.
485 1744 559 1796 Bodt.
582 1743 642 1796 Par.
661 1745 698 1796 Η.
719 1763 733 1797 a
752 1761 804 1798 sec.
823 1759 857 1797 ru.
882 1744 950 1798 Tub.
970 1743 1042 1798 Flor.
1061 1745 1086 1796 b.
1125 1742 1210 1811 Vulgo

195 1830 205 1862 ε
233 1831 300 1868 ντες·

265 1879 374 1947 λήθην
396 1881 553 1946 λέγομεν,
575 1869 596 1928 οἷ
621 1877 671 1945 Σ]
696 1878 780 1946 Vulgo
804 1871 825 1930 oi
843 1882 873 1932 Σ.
894 1879 1004 1944 deerat,
1024 1881 1094 1946 quod
1118 1881 1211 1947 optimi

195 1950 251 2001 libri
272 1966 361 2002 omns
380 1956 492 2000 tuentur.
528 1947 593 1998 Dein
614 1944 752 2008 Παντελῶς
772 1947 828 2002 vat.
846 1948 920 2004 Viud.
941 1953 973 2000 Φ.
994 1949 1054 2002 Par.
1073 1951 1107 2003 G.
1119 1950 1209 2003 Ambr.

195 2016 302 2071 Flor.d
333 2025 359 2070 et
378 2019 402 2068 iu
421 2033 504 2082 marg.
525 2014 601 2066 nour.
843 2035 844 2038 ¹

193 2183 409 2245 eraru'quidcm
438 2180 591 2233 sententiam
611 2195 678 2234 nuuc
728 2183 826 2233 tionem
860 2185 935 2248 qussi
963 2192 1097 2250 repetant,
1133 2201 1211 2238 acce·

194 2251 356 2315 persequitur
383 2251 538 2316 diligentius.
576 2250 611 2301 Et
639 2251 678 2301 at·

195 2327 279 2370 terum
298 2319 400 2384 quidem
420 2319 496 2380 iilud,
520 2317 606 2383 quod,
631 2333 679 2368 su-

196 2393 300 2451 tenuam
320 2403 469 2451 nascamur,
498 2386 614 2437 idearum
633 2385 678 2439 lua-

196 2455 260 2509 bere
277 2457 411 2509 uideamur
425 2456 610 2519 cognitionem,
632 2455 678 2506 de·

198 2539 248 2576 nuo
268 2527 369 2591 attingit
395 2525 494 2577 verbis:
518 2521 580 2578 ὥςτε
599 2522 678 2589 ἀναμ-

197 2599 271 2642 καῖον
291 2621 322 2631 -
340 2594 392 2656 πρὸ
418 2597 467 2641 τοῦ
487 2594 612 2658 γενέσθαι
641 2593 677 2640 εἰ·

197 2661 313 2724 inpuros.
351 2665 468 2712 Alterum
490 2666 587 2722 autem,
606 2658 676 2724 quod

197 2742 246 2780 nec
273 2731 326 2779 uati
353 2730 422 2780 ittam
447 2729 580 2778 scientiam
601 2729 677 2778 amit-

111 2819 116 2826 ‘
197 2805 299 2860 tamnu,
329 2799 376 2848 uisi
404 2796 534 2847 oblivione
564 2795 675 2860 quadam

197 2866 348 2932 ingruente,
383 2865 409 2916 id
439 2881 502 2916 vero
526 2863 573 2915 hac
597 2879 677 2916 euuu-

196 2936 302 2988 tintione
326 2935 432 2986 uberius
452 2933 572 2999 explicat.
608 2933 676 2985 Nam

196 3005 324 3056 sententia
355 3005 491 3055 verborum
527 3002 590 3054 naec
621 3008 676 3056 est:

197 3079 239 3126 nc
284 3073 521 3127 necessarium
574 3073 677 3123 etiam

197 3149 263 3204 est,
294 3149 329 3194 ut
365 3143 460 3194 ittam
495 3140 675 3192 scientiam

197 3217 228 3260 et
249 3210 279 3260 iu
301 3217 377 3260 ortu
401 3217 520 3260 nostro
542 3224 677 3274 semper

196 3277 400 3329 retineamus
424 3283 457 3327 et
481 3290 540 3339 per
563 3282 672 3327 totam

196 3343 299 3395 vitam
329 3344 595 3405 meminerimus,
626 3344 673 3392 ni-

196 3411 238 3473 si,
263 3418 435 3475 postquam
463 3411 555 3460 ittam
580 3425 672 3461 acce-

196 3478 321 3544 pimus,
353 3477 507 3530 eiusdem
540 3493 673 3543 semper

195 3547 396 3614 (jedcsmai)
424 3545 526 3596 obliti
545 3561 673 3597 sumus:

196 3616 219 3668 λι.
246 3633 268 3668 e.
304 3617 350 3666 uisi
375 3613 469 3665 deinde
496 3613 583 3678 atiquo
606 3621 673 3665 tem·

195 3700 259 3750 pore
289 3700 338 3736 uos
363 3683 453 3733 invasit
483 3682 538 3732 eius
570 3683 673 3734 oblivio.

194 3753 298 3807 Etenim
311 3753 382 3813 hoec,
401 3751 423 3799 εἰ
439 3753 486 3816 μέν
503 3768 530 3815 γε
548 3749 674 3816 λαβόντες

194 3823 230 3891 μή
243 3822 364 3875 ἑκάστοτε
383 3817 586 3882 ἐπιλελήσμεθα,
606 3820 674 3870 idem

195 3895 348 3959 significant,
368 3887 438 3954 quod
459 3889 480 3937 εἰ
497 3885 547 3949 api
567 3893 615 3939 τοῦ
634 3906 676 3953 γε·

194 3965 289 4012 νίσθαι
319 3957 459 4026 εἰλήφαμεν
488 3954 584 4019 οὕτως,
613 3953 676 4012 ὥςτε

192 4030 228 4096 μή
260 4028 382 4081 indecore
413 4025 606 4088 ἐπιλελῆσθαι,
640 4025 676 4075 iia

196 4105 224 4150 nt
252 4101 386 4166 proximas
427 4093 599 4146 conclusionis
633 4108 677 4144 rs-

729 2250 807 2301 deute
833 2257 920 2310 tamen
951 2255 1056 2303 uotiouc
1088 2256 1211 2305 scientiae

728 2319 856 2369 firmitatis
883 2325 910 2371 et
927 2322 1095 2373 constantiae.
1132 2323 1211 2374 Ponit

729 2393 814 2438 atatem
835 2387 927 2438 deiude
941 2387 1108 2455 philosophus
1125 2394 1210 2441 amitti

729 2455 843 2506 idearum
863 2458 1036 2522 cognitionem
1065 2459 1153 2521 utique
1172 2460 1210 2507 in-

729 2530 769 2575 ter
788 2523 945 2575 nascendum
971 2527 1072 2587 sotere,
1100 2525 1211 2590 ideoque

729 2592 861 2644 scientiam
887 2608 972 2644 rerum
997 2608 1101 2645 omnem
1120 2609 1211 2645 recor-

729 2660 835 2712 datione
861 2661 997 2714 contineri.
1033 2662 1113 2714 Vides
1132 2662 1211 2728 igitur

729 2729 787 2779 nihil
805 2727 913 2780 turbare
930 2729 1048 2781 ordinem
1069 2731 1209 2796 argumen-

728 2796 850 2860 tationis,
869 2812 946 2862 quem
963 2797 1145 2850 Heindorf
1168 2814 1210 2850 re

728 2866 844 2916 stituisse
863 2866 910 2916 sibi
929 2866 1065 2917 ridebatur
1077 2867 1210 2932 corrigen-

728 2933 777 2985 do:
803 2934 847 2983 nui
872 2934 892 2984 ελ
913 2937 960 3000 μέν
979 2953 1007 3000 με
1025 2933 1153 3000 λαβόντες
1171 2935 1206 3000 μή

726 3000 848 3052 ἑκάστοτε
866 3001 1013 3068 γιγνόμενοι
1036 3001 1209 3070 ἐπιλελήσμε-

728 3075 778 3135 θα,
797 3069 899 3129 εἰδότας
923 3070 964 3122 ἀεὶ
986 3073 1125 3139 γίγνεσθαι
1144 3092 1166 3125 κ.
1185 3092 1209 3126 τ.

727 3141 749 3190 λ,
792 3139 864 3192 Idem
899 3141 938 3190 vir
967 3141 1060 3192 doetus
1090 3157 1122 3192 ex
1150 3140 1208 3193 cod.

728 3212 795 3273 Aug.
815 3207 1008 3272 ἐπιλελήσμεθα
1027 3211 1160 3272 malebat,
1180 3224 1210 3259 sc

727 3275 849 3342 deinceps
880 3277 987 3334 εἰδότας
1009 3276 1041 3325 ἂν
1065 3279 1210 3344 γίγνεσθαι.

726 3370 761 3380 -
785 3345 824 3394 De
851 3342 1084 3394 tormentatus
1104 3345 1165 3408 βίον
1183 3359 1207 3392 ν.

726 3410 906 3462 Heindorf.
936 3410 968 3461 ad
1002 3410 1025 3461 h.
1049 3413 1065 3464 1.
1091 3418 1118 3463 et
1142 3425 1209 3474 quiae

726 3480 818 3545 cotiegi
840 3479 873 3530 ud
892 3477 992 3531 Phileb.
1012 3495 1036 3544 p.
1055 3477 1097 3530 21,
1118 3477 1149 3531 B.
1174 3505 1209 3517 —·

726 3548 821 3599 Statim
845 3552 907 3612 post
929 3545 1053 3597 Suidas
1078 3562 1099 3599 s.
1125 3562 1149 3596 ν.
1169 3549 1208 3595 εἴ-

726 3616 796 3678 δησις
816 3615 921 3666 exhibet
940 3613 1018 3667 liaeo:
1040 3611 1120 3663 τοῦτ’
1143 3616 1206 3679 tart,

725 3683 755 3733 τό
778 3681 895 3748 λαβόντα
911 3707 940 3717 -
953 3680 989 3747 μή
1009 3680 1207 3733 ἀπολωλεκέναι.

726 3751 779 3803 Sed
798 3751 907 3803 articulo
926 3764 976 3800 nou
996 3764 1063 3814 opus
1082 3766 1141 3802 esse
1159 3752 1207 3802 dc-

726 3820 821 3872 cebunt
844 3833 890 3880 ea,
918 3832 984 3882 qnae
1011 3817 1045 3868 ad
1071 3835 1097 3884 p.
1116 3817 1157 3872 64.
1177 3820 1208 3871 C.

726 3886 915 3940 annotavimus.
947 3886 1127 3939 Definitiouenr
1141 3889 1208 3940 obii-

726 3955 808 4007 vionis
826 3955 912 4019 paullo
938 3954 1013 4007 aliam
1036 3956 1125 4008 uideas
1145 3957 1208 4008 Phi-

726 4024 775 4075 leb.
795 4039 821 4088 p.
833 4020 876 4076 34.
892 4027 932 4086 A,
952 4023 996 4074 ubi
1016 4026 1088 4090 ptura
1108 4025 1140 4076 de
1159 4024 1207 4076 hac

726 4089 895 4142 redicimus.
920 4091 1043 4160 Sympos.
1066 4109 1089 4146 c.
1107 4091 1203 4145 XXVI.
