<?xml version="1.0" encoding="UTF-8"?>
<!DOCTYPE html PUBLIC "-//W3C//DTD XHTML 1.0 Transitional//EN"
    "http://www.w3.org/TR/xhtml1/DTD/xhtml1-transitional.dtd">
<html xmlns="http://www.w3.org/1999/xhtml" xml:lang="en" lang="en">
 <head>
  <title>
</title>
<meta http-equiv="Content-Type" content="text/html;charset=utf-8" />
  <meta name='ocr-system' content='tesseract 3.04.00' />
  <meta name='ocr-capabilities' content='ocr_page ocr_carea ocr_par ocr_line ocrx_word'/>
</head>
<body>
  <div class='ocr_page' id='page_1' title='image "./platonisoperaom00stalgoog_0420.png"; bbox 0 0 2604 4620; ppageno 0'>
   <div class='ocr_carea' id='block_1_1' title="bbox 513 255 1225 311">
    <p class='ocr_par' dir='ltr' id='par_1_1' title="bbox 513 255 1225 311">
     <span class='ocr_line' id='line_1_1' title="bbox 513 255 1225 311; baseline -0.013 -5"><span class='ocrx_word' id='word_1_1' title='bbox 513 259 562 306; x_wconf 80' lang='lat' dir='ltr'><strong>AD</strong></span> <span class='ocrx_word' id='word_1_2' title='bbox 586 255 801 311; x_wconf 74' lang='lat' dir='ltr'><strong>smosmm.</strong></span> <span class='ocrx_word' id='word_1_3' title='bbox 1083 260 1157 306; x_wconf 77' lang='lat' dir='ltr'><strong>LXV</strong></span> <span class='ocrx_word' id='word_1_4' title='bbox 1218 284 1225 297; x_wconf 44' lang='lat' dir='ltr'><strong>r</strong></span> 
     </span>
    </p>
   </div>
   <div class='ocr_carea' id='block_1_2' title="bbox 138 407 1230 2529">
    <p class='ocr_par' dir='ltr' id='par_1_2' title="bbox 142 407 1224 1430">
     <span class='ocr_line' id='line_1_2' title="bbox 146 407 1165 498; baseline 0 -22"><span class='ocrx_word' id='word_1_5' title='bbox 146 413 182 478; x_wconf 95' lang='lat' dir='ltr'><strong>in</strong></span> <span class='ocrx_word' id='word_1_6' title='bbox 203 407 360 479; x_wconf 74' lang='lat' dir='ltr'><strong>conviva</strong></span> <span class='ocrx_word' id='word_1_7' title='bbox 380 421 491 479; x_wconf 87' lang='lat' dir='ltr'><strong>contra</strong></span> <span class='ocrx_word' id='word_1_8' title='bbox 510 409 545 475; x_wconf 91' lang='lat' dir='ltr'><strong>id</strong></span> <span class='ocrx_word' id='word_1_9' title='bbox 559 411 612 498; x_wconf 90' lang='lat' dir='ltr'><strong>agi</strong></span> <span class='ocrx_word' id='word_1_10' title='bbox 632 420 750 488; x_wconf 86' lang='lat' dir='ltr'><strong>censet,</strong></span> <span class='ocrx_word' id='word_1_11' title='bbox 772 419 806 475; x_wconf 87' lang='lat' dir='ltr'><strong>nt</strong></span> <span class='ocrx_word' id='word_1_12' title='bbox 820 429 958 475; x_wconf 87' lang='lat' dir='ltr'><strong>amorem</strong></span> <span class='ocrx_word' id='word_1_13' title='bbox 972 411 1165 476; x_wconf 68' lang='lat' dir='ltr'><strong>ostendatur</strong></span> 
     </span>
     <span class='ocr_line' id='line_1_3' title="bbox 146 494 1224 579; baseline -0.002 -17"><span class='ocrx_word' id='word_1_14' title='bbox 146 521 189 562; x_wconf 86' lang='lat' dir='ltr'><strong>ex</strong></span> <span class='ocrx_word' id='word_1_15' title='bbox 209 497 318 564; x_wconf 81' lang='lat' dir='ltr'><strong>nativo</strong></span> <span class='ocrx_word' id='word_1_16' title='bbox 337 496 404 562; x_wconf 86' lang='lat' dir='ltr'><strong>indi</strong></span> <span class='ocrx_word' id='word_1_17' title='bbox 430 495 536 562; x_wconf 88' lang='lat' dir='ltr'><strong>entiae</strong></span> <span class='ocrx_word' id='word_1_18' title='bbox 558 505 590 559; x_wconf 90' lang='lat' dir='ltr'><strong>et</strong></span> <span class='ocrx_word' id='word_1_19' title='bbox 609 494 736 579; x_wconf 90' lang='lat' dir='ltr'><strong>inopiae</strong></span> <span class='ocrx_word' id='word_1_20' title='bbox 758 516 854 560; x_wconf 86' lang='lat' dir='ltr'><strong>sensu</strong></span> <span class='ocrx_word' id='word_1_21' title='bbox 873 495 988 559; x_wconf 90' lang='lat' dir='ltr'><strong>animis</strong></span> <span class='ocrx_word' id='word_1_22' title='bbox 1009 494 1157 560; x_wconf 84' lang='lat' dir='ltr'><strong>humanis</strong></span> <span class='ocrx_word' id='word_1_23' title='bbox 1221 532 1224 537; x_wconf 76' lang='lat'><strong>,</strong></span> 
     </span>
     <span class='ocr_line' id='line_1_4' title="bbox 144 577 1157 669; baseline -0.001 -23"><span class='ocrx_word' id='word_1_24' title='bbox 144 583 180 647; x_wconf 93' lang='lat' dir='ltr'><strong>in</strong></span> <span class='ocrx_word' id='word_1_25' title='bbox 205 592 332 649; x_wconf 85' lang='lat' dir='ltr'><strong>onerato</strong></span> <span class='ocrx_word' id='word_1_26' title='bbox 347 605 406 669; x_wconf 91' lang='lat' dir='ltr'><strong>pro</strong></span> <span class='ocrx_word' id='word_1_27' title='bbox 431 582 476 645; x_wconf 90' lang='lat' dir='ltr'><strong>&#39;re</strong></span> <span class='ocrx_word' id='word_1_28' title='bbox 492 601 627 664; x_wconf 92' lang='lat' dir='ltr'><strong>eumque</strong></span> <span class='ocrx_word' id='word_1_29' title='bbox 652 601 780 644; x_wconf 84' lang='lat' dir='ltr'><strong>sensum</strong></span> <span class='ocrx_word' id='word_1_30' title='bbox 800 577 961 665; x_wconf 87' lang='lat' dir='ltr'><strong>pertinere</strong></span> <span class='ocrx_word' id='word_1_31' title='bbox 982 581 1157 664; x_wconf 87' lang='lat' dir='ltr'><strong>aequaliter</strong></span> 
     </span>
     <span class='ocr_line' id='line_1_5' title="bbox 146 606 1156 752; baseline -0.005 -18"><span class='ocrx_word' id='word_1_32' title='bbox 146 606 204 734; x_wconf 54' lang='grc' dir='ltr'><strong>δάε</strong></span> <span class='ocrx_word' id='word_1_33' title='bbox 211 677 274 733; x_wconf 86' lang='lat' dir='ltr'><strong>tres</strong></span> <span class='ocrx_word' id='word_1_34' title='bbox 295 666 393 732; x_wconf 89' lang='lat' dir='ltr'><strong>animi</strong></span> <span class='ocrx_word' id='word_1_35' title='bbox 414 675 524 752; x_wconf 88' lang='lat' dir='ltr'><strong>partes</strong></span> <span class='ocrx_word' id='word_1_36' title='bbox 543 663 741 729; x_wconf 87' lang='lat' dir='ltr'><strong>inPhaedro</strong></span> <span class='ocrx_word' id='word_1_37' title='bbox 762 662 951 747; x_wconf 85' lang='lat' dir='ltr'><strong>descriptas,</strong></span> <span class='ocrx_word' id='word_1_38' title='bbox 973 664 1019 728; x_wconf 88' lang='lat' dir='ltr'><strong>ita</strong></span> <span class='ocrx_word' id='word_1_39' title='bbox 1039 675 1076 729; x_wconf 90' lang='lat' dir='ltr'><strong>ut</strong></span> <span class='ocrx_word' id='word_1_40' title='bbox 1098 664 1156 730; x_wconf 91' lang='lat' dir='ltr'><strong>de·</strong></span> 
     </span>
     <span class='ocr_line' id='line_1_6' title="bbox 143 746 1157 839; baseline -0.003 -22"><span class='ocrx_word' id='word_1_41' title='bbox 143 752 241 836; x_wconf 90' lang='lat' dir='ltr'><strong>nique</strong></span> <span class='ocrx_word' id='word_1_42' title='bbox 269 752 312 817; x_wconf 94' lang='lat' dir='ltr'><strong>ad</strong></span> <span class='ocrx_word' id='word_1_43' title='bbox 338 753 444 839; x_wconf 80' lang='lat' dir='ltr'><strong>ipsam</strong></span> <span class='ocrx_word' id='word_1_44' title='bbox 469 748 575 834; x_wconf 88' lang='lat' dir='ltr'><strong>pulcri</strong></span> <span class='ocrx_word' id='word_1_45' title='bbox 601 746 735 834; x_wconf 87' lang='lat' dir='ltr'><strong>perfecti</strong></span> <span class='ocrx_word' id='word_1_46' title='bbox 763 747 902 834; x_wconf 82' lang='lat' dir='ltr'><strong>speciem</strong></span> <span class='ocrx_word' id='word_1_47' title='bbox 928 758 960 813; x_wconf 91' lang='lat' dir='ltr'><strong>et</strong></span> <span class='ocrx_word' id='word_1_48' title='bbox 985 749 1157 838; x_wconf 78' lang='lat' dir='ltr'>imaginem</span> 
     </span>
     <span class='ocr_line' id='line_1_7' title="bbox 143 833 1157 923; baseline -0.002 -22"><span class='ocrx_word' id='word_1_49' title='bbox 143 837 369 923; x_wconf 78' lang='lat' dir='ltr'><strong>perducamur,</strong></span> <span class='ocrx_word' id='word_1_50' title='bbox 390 835 426 899; x_wconf 92' lang='lat' dir='ltr'><strong>in</strong></span> <span class='ocrx_word' id='word_1_51' title='bbox 447 856 511 919; x_wconf 92' lang='lat' dir='ltr'><strong>qua</strong></span> <span class='ocrx_word' id='word_1_52' title='bbox 530 833 684 899; x_wconf 88' lang='lat' dir='ltr'><strong>intuenda</strong></span> <span class='ocrx_word' id='word_1_53' title='bbox 700 843 795 918; x_wconf 92' lang='lat' dir='ltr'><strong>atque</strong></span> <span class='ocrx_word' id='word_1_54' title='bbox 809 833 1053 919; x_wconf 85' lang='lat' dir='ltr'><strong>contemplanda</strong></span> <span class='ocrx_word' id='word_1_55' title='bbox 1066 856 1157 899; x_wconf 89' lang='lat' dir='ltr'><strong>amor</strong></span> 
     </span>
     <span class='ocr_line' id='line_1_8' title="bbox 142 915 1155 1007; baseline 0 -23"><span class='ocrx_word' id='word_1_56' title='bbox 142 920 327 1007; x_wconf 76' lang='lat' dir='ltr'>philosophi</span> <span class='ocrx_word' id='word_1_57' title='bbox 349 919 549 985; x_wconf 88' lang='lat' dir='ltr'><strong>contineatur</strong></span> <span class='ocrx_word' id='word_1_58' title='bbox 569 920 618 1004; x_wconf 86' lang='lat' dir='ltr'><strong>(p.</strong></span> <span class='ocrx_word' id='word_1_59' title='bbox 640 919 702 984; x_wconf 76' lang='lat'><strong>522</strong></span> <span class='ocrx_word' id='word_1_60' title='bbox 724 918 821 1002; x_wconf 84' lang='lat' dir='ltr'><strong>sqq).</strong></span> <span class='ocrx_word' id='word_1_61' title='bbox 853 915 923 983; x_wconf 90' lang='lat' dir='ltr'><strong>Nos</strong></span> <span class='ocrx_word' id='word_1_62' title='bbox 944 941 1021 983; x_wconf 83' lang='lat' dir='ltr'><strong>vero</strong></span> <span class='ocrx_word' id='word_1_63' title='bbox 1044 940 1155 1003; x_wconf 90' lang='lat' dir='ltr'><strong>quem-</strong></span> 
     </span>
     <span class='ocr_line' id='line_1_9' title="bbox 142 1001 1206 1102; baseline -0.001 -32"><span class='ocrx_word' id='word_1_64' title='bbox 142 1005 317 1071; x_wconf 81' lang='lat' dir='ltr'><strong>admodum</strong></span> <span class='ocrx_word' id='word_1_65' title='bbox 342 1005 383 1070; x_wconf 92' lang='lat' dir='ltr'><strong>de</strong></span> <span class='ocrx_word' id='word_1_66' title='bbox 404 1012 593 1092; x_wconf 87' lang='lat' dir='ltr'><strong>argumento</strong></span> <span class='ocrx_word' id='word_1_67' title='bbox 613 1003 780 1102; x_wconf 87' lang='lat' dir='ltr'><strong>utriusque</strong></span> <span class='ocrx_word' id='word_1_68' title='bbox 801 1001 920 1090; x_wconf 80' lang='lat' dir='ltr'><strong>dialogi</strong></span> <span class='ocrx_word' id='word_1_69' title='bbox 940 1002 1038 1068; x_wconf 92' lang='lat' dir='ltr'><strong>multo</strong></span> <span class='ocrx_word' id='word_1_70' title='bbox 1064 1003 1157 1069; x_wconf 91' lang='lat' dir='ltr'><strong>aliter</strong></span> <span class='ocrx_word' id='word_1_71' title='bbox 1203 1088 1206 1093; x_wconf 20' lang='grc' dir='ltr'>Ι</span> 
     </span>
     <span class='ocr_line' id='line_1_10' title="bbox 143 1086 1155 1174; baseline -0.001 -18"><span class='ocrx_word' id='word_1_72' title='bbox 143 1090 374 1169; x_wconf 84' lang='lat' dir='ltr'><strong>existimamus,</strong></span> <span class='ocrx_word' id='word_1_73' title='bbox 400 1089 446 1154; x_wconf 87' lang='lat' dir='ltr'><strong>ita</strong></span> <span class='ocrx_word' id='word_1_74' title='bbox 473 1088 569 1154; x_wconf 88' lang='lat' dir='ltr'><strong>etiam</strong></span> <span class='ocrx_word' id='word_1_75' title='bbox 594 1087 634 1153; x_wconf 91' lang='lat' dir='ltr'><strong>de</strong></span> <span class='ocrx_word' id='word_1_76' title='bbox 660 1086 883 1154; x_wconf 87' lang='lat' dir='ltr'><strong>eomunctione</strong></span> <span class='ocrx_word' id='word_1_77' title='bbox 910 1098 942 1152; x_wconf 92' lang='lat' dir='ltr'><strong>et</strong></span> <span class='ocrx_word' id='word_1_78' title='bbox 962 1110 1060 1166; x_wconf 87' lang='lat' dir='ltr'><strong>nexu,</strong></span> <span class='ocrx_word' id='word_1_79' title='bbox 1091 1111 1155 1174; x_wconf 92' lang='lat' dir='ltr'><strong>quo</strong></span> 
     </span>
     <span class='ocr_line' id='line_1_11' title="bbox 143 1170 1157 1261; baseline -0.002 -20"><span class='ocrx_word' id='word_1_80' title='bbox 143 1175 280 1241; x_wconf 90' lang='lat' dir='ltr'><strong>alterum</strong></span> <span class='ocrx_word' id='word_1_81' title='bbox 300 1196 382 1261; x_wconf 89' lang='lat' dir='ltr'><strong>opus</strong></span> <span class='ocrx_word' id='word_1_82' title='bbox 405 1173 603 1239; x_wconf 85' lang='lat' dir='ltr'><strong>contineatur</strong></span> <span class='ocrx_word' id='word_1_83' title='bbox 624 1193 706 1238; x_wconf 64' lang='lat' dir='ltr'><strong>oum,</strong></span> <span class='ocrx_word' id='word_1_84' title='bbox 718 1172 826 1248; x_wconf 90' lang='lat' dir='ltr'><strong>altero,</strong></span> <span class='ocrx_word' id='word_1_85' title='bbox 850 1170 897 1237; x_wconf 89' lang='lat' dir='ltr'><strong>sic</strong></span> <span class='ocrx_word' id='word_1_86' title='bbox 918 1173 1097 1250; x_wconf 81' lang='lat' dir='ltr'><strong>statuimus,</strong></span> <span class='ocrx_word' id='word_1_87' title='bbox 1120 1185 1157 1239; x_wconf 90' lang='lat' dir='ltr'><strong>ut</strong></span> 
     </span>
     <span class='ocr_line' id='line_1_12' title="bbox 142 1253 1154 1324; baseline -0.001 -1"><span class='ocrx_word' id='word_1_88' title='bbox 142 1268 288 1324; x_wconf 89' lang='lat' dir='ltr'><strong>nostrum</strong></span> <span class='ocrx_word' id='word_1_89' title='bbox 315 1281 353 1323; x_wconf 91' lang='lat' dir='ltr'><strong>ea</strong></span> <span class='ocrx_word' id='word_1_90' title='bbox 374 1258 415 1324; x_wconf 91' lang='lat' dir='ltr'><strong>de</strong></span> <span class='ocrx_word' id='word_1_91' title='bbox 441 1279 476 1323; x_wconf 90' lang='lat' dir='ltr'><strong>re</strong></span> <span class='ocrx_word' id='word_1_92' title='bbox 501 1257 656 1323; x_wconf 87' lang='lat' dir='ltr'><strong>iudicium</strong></span> <span class='ocrx_word' id='word_1_93' title='bbox 684 1253 837 1322; x_wconf 83' lang='lat' dir='ltr'><strong>abillius</strong></span> <span class='ocrx_word' id='word_1_94' title='bbox 867 1259 1024 1323; x_wconf 87' lang='lat' dir='ltr'><strong>sententia</strong></span> <span class='ocrx_word' id='word_1_95' title='bbox 1046 1258 1154 1323; x_wconf 87' lang='lat' dir='ltr'><strong>seiun-</strong></span> 
     </span>
     <span class='ocr_line' id='line_1_13' title="bbox 142 1344 491 1430; baseline -0.009 -21"><span class='ocrx_word' id='word_1_96' title='bbox 142 1344 284 1430; x_wconf 85' lang='lat' dir='ltr'><strong>gendum</strong></span> <span class='ocrx_word' id='word_1_97' title='bbox 305 1353 491 1409; x_wconf 85' lang='lat' dir='ltr'><strong>statuamus.</strong></span> 
     </span>
    </p>

    <p class='ocr_par' dir='ltr' id='par_1_3' title="bbox 138 1423 1230 2529">
     <span class='ocr_line' id='line_1_14' title="bbox 183 1423 1155 1512; baseline -0.003 -19"><span class='ocrx_word' id='word_1_98' title='bbox 183 1427 293 1494; x_wconf 81' lang='lat' dir='ltr'><strong>Habet</strong></span> <span class='ocrx_word' id='word_1_99' title='bbox 324 1450 402 1494; x_wconf 89' lang='lat' dir='ltr'><strong>vero</strong></span> <span class='ocrx_word' id='word_1_100' title='bbox 427 1425 636 1512; x_wconf 86' lang='lat' dir='ltr'><strong>Symposium</strong></span> <span class='ocrx_word' id='word_1_101' title='bbox 670 1447 743 1492; x_wconf 89' lang='lat' dir='ltr'><strong>eum</strong></span> <span class='ocrx_word' id='word_1_102' title='bbox 768 1423 916 1492; x_wconf 89' lang='lat' dir='ltr'><strong>Phaedro</strong></span> <span class='ocrx_word' id='word_1_103' title='bbox 942 1425 1155 1492; x_wconf 87' lang='lat' dir='ltr'><strong>arctissimam</strong></span> 
     </span>
     <span class='ocr_line' id='line_1_15' title="bbox 139 1511 1153 1598; baseline -0.001 -21"><span class='ocrx_word' id='word_1_104' title='bbox 139 1512 408 1578; x_wconf 86' lang='lat' dir='ltr'><strong>necessitudinem</strong></span> <span class='ocrx_word' id='word_1_105' title='bbox 429 1522 461 1576; x_wconf 92' lang='lat' dir='ltr'><strong>et</strong></span> <span class='ocrx_word' id='word_1_106' title='bbox 482 1511 715 1598; x_wconf 86' lang='lat' dir='ltr'><strong>cognationem,</strong></span> <span class='ocrx_word' id='word_1_107' title='bbox 741 1531 824 1594; x_wconf 88' lang='lat' dir='ltr'><strong>quae</strong></span> <span class='ocrx_word' id='word_1_108' title='bbox 845 1511 896 1576; x_wconf 88' lang='lat' dir='ltr'><strong>vel</strong></span> <span class='ocrx_word' id='word_1_109' title='bbox 917 1533 958 1576; x_wconf 87' lang='lat' dir='ltr'><strong>ex</strong></span> <span class='ocrx_word' id='word_1_110' title='bbox 979 1535 1016 1577; x_wconf 93' lang='lat' dir='ltr'><strong>eo</strong></span> <span class='ocrx_word' id='word_1_111' title='bbox 1037 1511 1153 1577; x_wconf 88' lang='lat' dir='ltr'><strong>intelli-</strong></span> 
     </span>
     <span class='ocr_line' id='line_1_16' title="bbox 140 1595 1153 1685; baseline -0.001 -24"><span class='ocrx_word' id='word_1_112' title='bbox 140 1598 240 1685; x_wconf 87' lang='lat' dir='ltr'><strong>gitur,</strong></span> <span class='ocrx_word' id='word_1_113' title='bbox 261 1597 348 1680; x_wconf 91' lang='lat' dir='ltr'><strong>quod</strong></span> <span class='ocrx_word' id='word_1_114' title='bbox 368 1617 434 1660; x_wconf 92' lang='lat' dir='ltr'><strong>non</strong></span> <span class='ocrx_word' id='word_1_115' title='bbox 456 1596 559 1661; x_wconf 87' lang='lat' dir='ltr'><strong>solum</strong></span> <span class='ocrx_word' id='word_1_116' title='bbox 578 1595 613 1659; x_wconf 91' lang='lat' dir='ltr'><strong>in</strong></span> <span class='ocrx_word' id='word_1_117' title='bbox 625 1605 761 1677; x_wconf 92' lang='lat' dir='ltr'><strong>utroque</strong></span> <span class='ocrx_word' id='word_1_118' title='bbox 775 1616 871 1680; x_wconf 92' lang='lat' dir='ltr'><strong>opere</strong></span> <span class='ocrx_word' id='word_1_119' title='bbox 885 1595 1050 1661; x_wconf 85' lang='lat' dir='ltr'><strong>doctrinae</strong></span> <span class='ocrx_word' id='word_1_120' title='bbox 1064 1620 1153 1661; x_wconf 89' lang='lat' dir='ltr'><strong>ama-</strong></span> 
     </span>
     <span class='ocr_line' id='line_1_17' title="bbox 140 1677 1154 1764; baseline -0.002 -18"><span class='ocrx_word' id='word_1_121' title='bbox 140 1681 243 1746; x_wconf 84' lang='lat' dir='ltr'><strong>toriae</strong></span> <span class='ocrx_word' id='word_1_122' title='bbox 262 1679 409 1746; x_wconf 84' lang='lat' dir='ltr'><strong>Platonis</strong></span> <span class='ocrx_word' id='word_1_123' title='bbox 438 1689 600 1762; x_wconf 88' lang='lat' dir='ltr'><strong>tamquam</strong></span> <span class='ocrx_word' id='word_1_124' title='bbox 626 1677 758 1764; x_wconf 90' lang='lat' dir='ltr'><strong>propria</strong></span> <span class='ocrx_word' id='word_1_125' title='bbox 784 1678 876 1744; x_wconf 86' lang='lat' dir='ltr'><strong>sedes</strong></span> <span class='ocrx_word' id='word_1_126' title='bbox 902 1680 1073 1744; x_wconf 90' lang='lat' dir='ltr'><strong>constituta</strong></span> <span class='ocrx_word' id='word_1_127' title='bbox 1094 1691 1154 1758; x_wconf 89' lang='lat' dir='ltr'><strong>est,</strong></span> 
     </span>
     <span class='ocr_line' id='line_1_18' title="bbox 142 1760 1154 1849; baseline -0.001 -19"><span class='ocrx_word' id='word_1_128' title='bbox 142 1766 200 1830; x_wconf 90' lang='lat' dir='ltr'><strong>sed</strong></span> <span class='ocrx_word' id='word_1_129' title='bbox 222 1764 319 1829; x_wconf 91' lang='lat' dir='ltr'><strong>etiam</strong></span> <span class='ocrx_word' id='word_1_130' title='bbox 338 1764 373 1828; x_wconf 92' lang='lat' dir='ltr'><strong>in</strong></span> <span class='ocrx_word' id='word_1_131' title='bbox 397 1760 568 1849; x_wconf 77' lang='lat' dir='ltr'><strong>Symposio</strong></span> <span class='ocrx_word' id='word_1_132' title='bbox 588 1784 622 1848; x_wconf 91' lang='lat' dir='ltr'><strong>p.</strong></span> <span class='ocrx_word' id='word_1_133' title='bbox 639 1765 710 1828; x_wconf 79' lang='lat'>182.</span> <span class='ocrx_word' id='word_1_134' title='bbox 730 1761 773 1827; x_wconf 87' lang='lat' dir='ltr'><strong>A.</strong></span> <span class='ocrx_word' id='word_1_135' title='bbox 795 1762 963 1828; x_wconf 83' lang='lat' dir='ltr'><strong>manifesto</strong></span> <span class='ocrx_word' id='word_1_136' title='bbox 984 1764 1154 1848; x_wconf 82' lang='lat' dir='ltr'><strong>respicitur</strong></span> 
     </span>
     <span class='ocr_line' id='line_1_19' title="bbox 141 1845 1154 1934; baseline -0.002 -20"><span class='ocrx_word' id='word_1_137' title='bbox 141 1846 368 1934; x_wconf 87' lang='lat' dir='ltr'><strong>adLysianam</strong></span> <span class='ocrx_word' id='word_1_138' title='bbox 378 1847 554 1914; x_wconf 88' lang='lat' dir='ltr'><strong>orationem</strong></span> <span class='ocrx_word' id='word_1_139' title='bbox 562 1846 752 1912; x_wconf 86' lang='lat' dir='ltr'><strong>inPhaedro</strong></span> <span class='ocrx_word' id='word_1_140' title='bbox 762 1848 935 1913; x_wconf 83' lang='lat' dir='ltr'><strong>recitatam</strong></span> <span class='ocrx_word' id='word_1_141' title='bbox 957 1845 1154 1930; x_wconf 77' lang='lat' dir='ltr'><strong>Quinetiam</strong></span> 
     </span>
     <span class='ocr_line' id='line_1_20' title="bbox 141 1929 1153 2021; baseline 0 -22"><span class='ocrx_word' id='word_1_142' title='bbox 141 1934 307 2000; x_wconf 86' lang='lat' dir='ltr'><strong>verissime</strong></span> <span class='ocrx_word' id='word_1_143' title='bbox 329 1933 488 1999; x_wconf 80' lang='lat' dir='ltr'><strong>affirmare</strong></span> <span class='ocrx_word' id='word_1_144' title='bbox 502 1931 587 2010; x_wconf 90' lang='lat' dir='ltr'><strong>licet,</strong></span> <span class='ocrx_word' id='word_1_145' title='bbox 610 1929 818 2018; x_wconf 87' lang='lat' dir='ltr'><strong>Symposium</strong></span> <span class='ocrx_word' id='word_1_146' title='bbox 831 1954 895 1997; x_wconf 93' lang='lat' dir='ltr'><strong>non</strong></span> <span class='ocrx_word' id='word_1_147' title='bbox 908 1955 1004 2019; x_wconf 87' lang='lat' dir='ltr'><strong>posse</strong></span> <span class='ocrx_word' id='word_1_148' title='bbox 1018 1933 1153 2021; x_wconf 82' lang='lat' dir='ltr'><strong>intelligi</strong></span> 
     </span>
     <span class='ocr_line' id='line_1_21' title="bbox 140 2016 1230 2105; baseline 0.001 -21"><span class='ocrx_word' id='word_1_149' title='bbox 140 2019 203 2084; x_wconf 86' lang='lat' dir='ltr'><strong>nisi</strong></span> <span class='ocrx_word' id='word_1_150' title='bbox 224 2019 265 2084; x_wconf 89' lang='lat' dir='ltr'><strong>ab</strong></span> <span class='ocrx_word' id='word_1_151' title='bbox 285 2018 337 2096; x_wconf 88' lang='lat' dir='ltr'><strong>iis,</strong></span> <span class='ocrx_word' id='word_1_152' title='bbox 367 2018 423 2103; x_wconf 91' lang='lat' dir='ltr'><strong>qui</strong></span> <span class='ocrx_word' id='word_1_153' title='bbox 444 2016 628 2082; x_wconf 85' lang='lat' dir='ltr'><strong>Phaedrum</strong></span> <span class='ocrx_word' id='word_1_154' title='bbox 655 2039 782 2102; x_wconf 89' lang='lat' dir='ltr'><strong>quoque</strong></span> <span class='ocrx_word' id='word_1_155' title='bbox 808 2028 954 2083; x_wconf 85' lang='lat' dir='ltr'><strong>accurate</strong></span> <span class='ocrx_word' id='word_1_156' title='bbox 975 2028 1152 2105; x_wconf 85' lang='lat' dir='ltr'><strong>pertracta·</strong></span> <span class='ocrx_word' id='word_1_157' title='bbox 1204 2034 1230 2047; x_wconf 83' lang='lat'><strong>&#39;·</strong></span> 
     </span>
     <span class='ocr_line' id='line_1_22' title="bbox 139 2099 1152 2183; baseline 0.001 -15"><span class='ocrx_word' id='word_1_158' title='bbox 139 2102 254 2183; x_wconf 85' lang='lat' dir='ltr'><strong>verint,</strong></span> <span class='ocrx_word' id='word_1_159' title='bbox 284 2125 323 2168; x_wconf 89' lang='lat' dir='ltr'><strong>ao</strong></span> <span class='ocrx_word' id='word_1_160' title='bbox 348 2102 489 2168; x_wconf 86' lang='lat' dir='ltr'><strong>vicissim</strong></span> <span class='ocrx_word' id='word_1_161' title='bbox 509 2099 649 2167; x_wconf 87' lang='lat' dir='ltr'><strong>Phaedri</strong></span> <span class='ocrx_word' id='word_1_162' title='bbox 675 2102 845 2167; x_wconf 88' lang='lat' dir='ltr'><strong>lectionem</strong></span> <span class='ocrx_word' id='word_1_163' title='bbox 871 2103 1052 2169; x_wconf 88' lang='lat' dir='ltr'><strong>necessario</strong></span> <span class='ocrx_word' id='word_1_164' title='bbox 1079 2126 1152 2169; x_wconf 90' lang='lat' dir='ltr'><strong>oum</strong></span> 
     </span>
     <span class='ocr_line' id='line_1_23' title="bbox 139 2184 1153 2287; baseline 0.001 -34"><span class='ocrx_word' id='word_1_165' title='bbox 139 2189 275 2272; x_wconf 81' lang='lat' dir='ltr'><strong>lectione</strong></span> <span class='ocrx_word' id='word_1_166' title='bbox 286 2185 450 2274; x_wconf 86' lang='lat' dir='ltr'><strong>Symposii</strong></span> <span class='ocrx_word' id='word_1_167' title='bbox 464 2186 718 2287; x_wconf 83' lang='lat' dir='ltr'><strong>coniungendam</strong></span> <span class='ocrx_word' id='word_1_168' title='bbox 732 2209 813 2254; x_wconf 85' lang='lat' dir='ltr'><strong>esse.</strong></span> <span class='ocrx_word' id='word_1_169' title='bbox 836 2184 1052 2268; x_wconf 80' lang='lat' dir='ltr'><strong>Quamobrem</strong></span> <span class='ocrx_word' id='word_1_170' title='bbox 1067 2201 1153 2254; x_wconf 88' lang='lat' dir='ltr'><strong>certe</strong></span> 
     </span>
     <span class='ocr_line' id='line_1_24' title="bbox 138 2271 1152 2360; baseline 0.001 -22"><span class='ocrx_word' id='word_1_171' title='bbox 138 2296 205 2338; x_wconf 93' lang='lat' dir='ltr'><strong>non</strong></span> <span class='ocrx_word' id='word_1_172' title='bbox 225 2273 337 2338; x_wconf 91' lang='lat' dir='ltr'><strong>inutile</strong></span> <span class='ocrx_word' id='word_1_173' title='bbox 358 2272 419 2337; x_wconf 88' lang='lat' dir='ltr'><strong>erit</strong></span> <span class='ocrx_word' id='word_1_174' title='bbox 439 2271 552 2358; x_wconf 88' lang='lat' dir='ltr'><strong>paucis</strong></span> <span class='ocrx_word' id='word_1_175' title='bbox 573 2271 816 2360; x_wconf 76' lang='lat' dir='ltr'><strong>significavisse,</strong></span> <span class='ocrx_word' id='word_1_176' title='bbox 845 2272 997 2356; x_wconf 91' lang='lat' dir='ltr'><strong>quidnam</strong></span> <span class='ocrx_word' id='word_1_177' title='bbox 1024 2274 1152 2339; x_wconf 87' lang='lat' dir='ltr'><strong>tandem</strong></span> 
     </span>
     <span class='ocr_line' id='line_1_25' title="bbox 140 2356 1151 2446; baseline -0.001 -23"><span class='ocrx_word' id='word_1_178' title='bbox 140 2359 192 2437; x_wconf 85' lang='lat' dir='ltr'><strong>sit,</strong></span> <span class='ocrx_word' id='word_1_179' title='bbox 220 2358 338 2442; x_wconf 89' lang='lat' dir='ltr'><strong>inquo</strong></span> <span class='ocrx_word' id='word_1_180' title='bbox 362 2357 426 2423; x_wconf 87' lang='lat' dir='ltr'><strong>ista</strong></span> <span class='ocrx_word' id='word_1_181' title='bbox 442 2356 597 2446; x_wconf 86' lang='lat' dir='ltr'><strong>cognatio</strong></span> <span class='ocrx_word' id='word_1_182' title='bbox 622 2357 788 2442; x_wconf 88' lang='lat' dir='ltr'><strong>utriusque</strong></span> <span class='ocrx_word' id='word_1_183' title='bbox 815 2357 922 2442; x_wconf 89' lang='lat' dir='ltr'><strong>operis</strong></span> <span class='ocrx_word' id='word_1_184' title='bbox 944 2359 1151 2423; x_wconf 85' lang='lat' dir='ltr'><strong>contineatur.</strong></span> 
     </span>
     <span class='ocr_line' id='line_1_26' title="bbox 141 2441 1152 2529; baseline 0 -21"><span class='ocrx_word' id='word_1_185' title='bbox 141 2441 345 2527; x_wconf 81' lang='lat' dir='ltr'><strong>Quamquam</strong></span> <span class='ocrx_word' id='word_1_186' title='bbox 374 2464 415 2508; x_wconf 90' lang='lat' dir='ltr'><strong>ea</strong></span> <span class='ocrx_word' id='word_1_187' title='bbox 447 2442 487 2507; x_wconf 91' lang='lat' dir='ltr'><strong>de</strong></span> <span class='ocrx_word' id='word_1_188' title='bbox 519 2465 554 2508; x_wconf 88' lang='lat' dir='ltr'><strong>re</strong></span> <span class='ocrx_word' id='word_1_189' title='bbox 586 2441 725 2507; x_wconf 87' lang='lat' dir='ltr'><strong>breviter</strong></span> <span class='ocrx_word' id='word_1_190' title='bbox 757 2451 880 2506; x_wconf 87' lang='lat' dir='ltr'><strong>tantum</strong></span> <span class='ocrx_word' id='word_1_191' title='bbox 909 2443 1152 2529; x_wconf 82' lang='lat' dir='ltr'><strong>explicabimus,</strong></span> 
     </span>
    </p>
   </div>
   <div class='ocr_carea' id='block_1_3' title="bbox 138 2524 1150 2713">
    <p class='ocr_par' dir='ltr' id='par_1_4' title="bbox 138 2524 1150 2713">
     <span class='ocr_line' id='line_1_27' title="bbox 138 2524 1150 2677; baseline 0.001 -84"><span class='ocrx_word' id='word_1_192' title='bbox 138 2527 397 2677; x_wconf 53' lang='lat' dir='ltr'><strong>ffdoqffidem</strong></span> <span class='ocrx_word' id='word_1_193' title='bbox 422 2527 590 2614; x_wconf 83' lang='lat' dir='ltr'><strong>angustiae</strong></span> <span class='ocrx_word' id='word_1_194' title='bbox 615 2525 710 2592; x_wconf 88' lang='lat' dir='ltr'><strong>huius</strong></span> <span class='ocrx_word' id='word_1_195' title='bbox 736 2524 834 2593; x_wconf 90' lang='lat' dir='ltr'><strong>libelli</strong></span> <span class='ocrx_word' id='word_1_196' title='bbox 863 2537 968 2592; x_wconf 89' lang='lat' dir='ltr'><strong>tantae</strong></span> <span class='ocrx_word' id='word_1_197' title='bbox 1001 2528 1150 2614; x_wconf 89' lang='lat' dir='ltr'><strong>amplitu-</strong></span> 
     </span>
     <span class='ocr_line' id='line_1_28' title="bbox 163 2611 921 2713; baseline -0.001 -35"><span class='ocrx_word' id='word_1_198' title='bbox 163 2613 170 2628; x_wconf 90' lang='lat'>&#39;</span> <span class='ocrx_word' id='word_1_199' title='bbox 196 2612 224 2678; x_wconf 82' lang='lat' dir='ltr'><strong>‘s</strong></span> <span class='ocrx_word' id='word_1_200' title='bbox 245 2612 492 2713; x_wconf 67' lang='lat' dir='ltr'><strong>disputetionem</strong></span> <span class='ocrx_word' id='word_1_201' title='bbox 513 2611 760 2696; x_wconf 89' lang='lat' dir='ltr'><strong>haudquaquam</strong></span> <span class='ocrx_word' id='word_1_202' title='bbox 782 2612 921 2698; x_wconf 88' lang='lat' dir='ltr'><strong>capiunt.</strong></span> 
     </span>
    </p>
   </div>
   <div class='ocr_carea' id='block_1_4' title="bbox 135 2695 1151 4029">
    <p class='ocr_par' dir='ltr' id='par_1_5' title="bbox 135 2695 1151 4029">
     <span class='ocr_line' id='line_1_29' title="bbox 180 2695 1149 2784; baseline -0.002 -22"><span class='ocrx_word' id='word_1_203' title='bbox 180 2696 295 2782; x_wconf 86' lang='lat' dir='ltr'><strong>Itaque</strong></span> <span class='ocrx_word' id='word_1_204' title='bbox 320 2719 461 2784; x_wconf 78' lang='lat' dir='ltr'><strong>primum</strong></span> <span class='ocrx_word' id='word_1_205' title='bbox 486 2696 615 2780; x_wconf 91' lang='lat' dir='ltr'><strong>quidem</strong></span> <span class='ocrx_word' id='word_1_206' title='bbox 636 2697 912 2763; x_wconf 85' lang='lat' dir='ltr'><strong>animadversione</strong></span> <span class='ocrx_word' id='word_1_207' title='bbox 934 2695 1068 2782; x_wconf 83' lang='lat' dir='ltr'><strong>dignum</strong></span> <span class='ocrx_word' id='word_1_208' title='bbox 1089 2708 1149 2776; x_wconf 85' lang='lat' dir='ltr'><strong>est,</strong></span> 
     </span>
     <span class='ocr_line' id='line_1_30' title="bbox 139 2780 1151 2868; baseline -0.001 -22"><span class='ocrx_word' id='word_1_209' title='bbox 139 2783 226 2867; x_wconf 92' lang='lat' dir='ltr'><strong>quod</strong></span> <span class='ocrx_word' id='word_1_210' title='bbox 245 2783 280 2846; x_wconf 88' lang='lat' dir='ltr'><strong>in</strong></span> <span class='ocrx_word' id='word_1_211' title='bbox 300 2793 435 2866; x_wconf 88' lang='lat' dir='ltr'><strong>utroque</strong></span> <span class='ocrx_word' id='word_1_212' title='bbox 456 2804 553 2868; x_wconf 88' lang='lat' dir='ltr'><strong>opere</strong></span> <span class='ocrx_word' id='word_1_213' title='bbox 574 2781 608 2845; x_wconf 91' lang='lat' dir='ltr'><strong>id</strong></span> <span class='ocrx_word' id='word_1_214' title='bbox 629 2781 832 2868; x_wconf 85' lang='lat' dir='ltr'><strong>potissimum</strong></span> <span class='ocrx_word' id='word_1_215' title='bbox 853 2782 970 2868; x_wconf 87' lang='lat' dir='ltr'><strong>agitur,</strong></span> <span class='ocrx_word' id='word_1_216' title='bbox 992 2791 1030 2845; x_wconf 91' lang='lat' dir='ltr'><strong>ut</strong></span> <span class='ocrx_word' id='word_1_217' title='bbox 1050 2780 1151 2846; x_wconf 87' lang='lat' dir='ltr'><strong>divini</strong></span> 
     </span>
     <span class='ocr_line' id='line_1_31' title="bbox 138 2866 1148 2952; baseline -0.001 -21"><span class='ocrx_word' id='word_1_218' title='bbox 138 2866 255 2931; x_wconf 88' lang='lat' dir='ltr'><strong>amoris</strong></span> <span class='ocrx_word' id='word_1_219' title='bbox 275 2866 326 2930; x_wconf 84' lang='lat' dir='ltr'><strong>vis</strong></span> <span class='ocrx_word' id='word_1_220' title='bbox 347 2877 380 2930; x_wconf 91' lang='lat' dir='ltr'><strong>et</strong></span> <span class='ocrx_word' id='word_1_221' title='bbox 400 2875 516 2931; x_wconf 87' lang='lat' dir='ltr'><strong>natura</strong></span> <span class='ocrx_word' id='word_1_222' title='bbox 537 2866 698 2952; x_wconf 85' lang='lat' dir='ltr'><strong>aperiatur</strong></span> <span class='ocrx_word' id='word_1_223' title='bbox 718 2876 750 2931; x_wconf 94' lang='lat' dir='ltr'><strong>et</strong></span> <span class='ocrx_word' id='word_1_224' title='bbox 770 2877 888 2951; x_wconf 88' lang='lat' dir='ltr'><strong>quanta</strong></span> <span class='ocrx_word' id='word_1_225' title='bbox 908 2866 950 2931; x_wconf 92' lang='lat' dir='ltr'><strong>sit</strong></span> <span class='ocrx_word' id='word_1_226' title='bbox 965 2866 1034 2931; x_wconf 89' lang='lat' dir='ltr'><strong>eius</strong></span> <span class='ocrx_word' id='word_1_227' title='bbox 1048 2867 1148 2930; x_wconf 89' lang='lat' dir='ltr'><strong>maie-</strong></span> 
     </span>
     <span class='ocr_line' id='line_1_32' title="bbox 139 2949 1151 3037; baseline 0 -23"><span class='ocrx_word' id='word_1_228' title='bbox 139 2963 206 3014; x_wconf 87' lang='lat' dir='ltr'><strong>stas</strong></span> <span class='ocrx_word' id='word_1_229' title='bbox 233 2959 328 3032; x_wconf 89' lang='lat' dir='ltr'><strong>atque</strong></span> <span class='ocrx_word' id='word_1_230' title='bbox 356 2949 505 3036; x_wconf 86' lang='lat' dir='ltr'><strong>dignitas,</strong></span> <span class='ocrx_word' id='word_1_231' title='bbox 533 2951 649 3037; x_wconf 90' lang='lat' dir='ltr'><strong>grandi</strong></span> <span class='ocrx_word' id='word_1_232' title='bbox 669 2952 809 3016; x_wconf 89' lang='lat' dir='ltr'><strong>oratione</strong></span> <span class='ocrx_word' id='word_1_233' title='bbox 832 2951 1019 3016; x_wconf 87' lang='lat' dir='ltr'><strong>declaretur.</strong></span> <span class='ocrx_word' id='word_1_234' title='bbox 1054 2949 1151 3031; x_wconf 78' lang='lat' dir='ltr'><strong>Quod</strong></span> 
     </span>
     <span class='ocr_line' id='line_1_33' title="bbox 140 3022 1150 3119; baseline 0.002 -21"><span class='ocrx_word' id='word_1_235' title='bbox 140 3042 224 3098; x_wconf 86' lang='lat' dir='ltr'><strong>certe</strong></span> <span class='ocrx_word' id='word_1_236' title='bbox 251 3033 303 3096; x_wconf 85' lang='lat' dir='ltr'><strong>vel</strong></span> <span class='ocrx_word' id='word_1_237' title='bbox 330 3033 433 3098; x_wconf 89' lang='lat' dir='ltr'><strong>solum</strong></span> <span class='ocrx_word' id='word_1_238' title='bbox 460 3022 576 3098; x_wconf 85' lang='lat' dir='ltr'><strong>suflicit</strong></span> <span class='ocrx_word' id='word_1_239' title='bbox 609 3034 651 3098; x_wconf 87' lang='lat' dir='ltr'><strong>ad</strong></span> <span class='ocrx_word' id='word_1_240' title='bbox 678 3035 956 3100; x_wconf 91' lang='lat' dir='ltr'><strong>demonstrandam</strong></span> <span class='ocrx_word' id='word_1_241' title='bbox 984 3036 1150 3119; x_wconf 86' lang='lat' dir='ltr'><strong>utriusque</strong></span> 
     </span>
     <span class='ocr_line' id='line_1_34' title="bbox 138 3116 1150 3202; baseline 0.004 -21"><span class='ocrx_word' id='word_1_242' title='bbox 138 3116 212 3182; x_wconf 89' lang='lat' dir='ltr'><strong>libri</strong></span> <span class='ocrx_word' id='word_1_243' title='bbox 233 3116 501 3182; x_wconf 88' lang='lat' dir='ltr'><strong>necessitudinem</strong></span> <span class='ocrx_word' id='word_1_244' title='bbox 522 3117 741 3197; x_wconf 86' lang='lat' dir='ltr'><strong>arctissimam,</strong></span> <span class='ocrx_word' id='word_1_245' title='bbox 757 3119 1013 3202; x_wconf 86' lang='lat' dir='ltr'><strong>quandoquidem</strong></span> <span class='ocrx_word' id='word_1_246' title='bbox 1034 3120 1068 3184; x_wconf 95' lang='lat' dir='ltr'><strong>in</strong></span> <span class='ocrx_word' id='word_1_247' title='bbox 1089 3121 1150 3186; x_wconf 88' lang='lat' dir='ltr'><strong>hoo</strong></span> 
     </span>
     <span class='ocr_line' id='line_1_35' title="bbox 138 3199 1150 3290; baseline 0.006 -25"><span class='ocrx_word' id='word_1_248' title='bbox 138 3202 149 3265; x_wconf 95' lang='lat' dir='ltr'><strong>i</strong></span> <span class='ocrx_word' id='word_1_249' title='bbox 175 3225 210 3268; x_wconf 93' lang='lat' dir='ltr'><strong>so</strong></span> <span class='ocrx_word' id='word_1_250' title='bbox 238 3201 306 3267; x_wconf 84' lang='lat' dir='ltr'><strong>sine</strong></span> <span class='ocrx_word' id='word_1_251' title='bbox 334 3199 435 3266; x_wconf 92' lang='lat' dir='ltr'><strong>dubio</strong></span> <span class='ocrx_word' id='word_1_252' title='bbox 455 3201 605 3287; x_wconf 90' lang='lat' dir='ltr'><strong>primaria</strong></span> <span class='ocrx_word' id='word_1_253' title='bbox 626 3223 704 3288; x_wconf 86' lang='lat' dir='ltr'><strong>pars</strong></span> <span class='ocrx_word' id='word_1_254' title='bbox 733 3203 924 3290; x_wconf 84' lang='lat' dir='ltr'><strong>argumenti,</strong></span> <span class='ocrx_word' id='word_1_255' title='bbox 952 3203 986 3268; x_wconf 91' lang='lat' dir='ltr'><strong>in</strong></span> <span class='ocrx_word' id='word_1_256' title='bbox 1013 3227 1075 3289; x_wconf 94' lang='lat' dir='ltr'><strong>quo</strong></span> <span class='ocrx_word' id='word_1_257' title='bbox 1103 3205 1150 3272; x_wconf 92' lang='lat' dir='ltr'><strong>illi</strong></span> 
     </span>
     <span class='ocr_line' id='line_1_36' title="bbox 138 3285 1149 3374; baseline 0.003 -22"><span class='ocrx_word' id='word_1_258' title='bbox 138 3287 146 3302; x_wconf 88' lang='lat'>&#39;</span> <span class='ocrx_word' id='word_1_259' title='bbox 172 3285 327 3353; x_wconf 90' lang='lat' dir='ltr'><strong>ustrando</strong></span> <span class='ocrx_word' id='word_1_260' title='bbox 348 3296 527 3364; x_wconf 83' lang='lat' dir='ltr'><strong>versantur,</strong></span> <span class='ocrx_word' id='word_1_261' title='bbox 552 3287 733 3372; x_wconf 84' lang='lat' dir='ltr'><strong>quaerenda</strong></span> <span class='ocrx_word' id='word_1_262' title='bbox 758 3297 815 3353; x_wconf 87' lang='lat' dir='ltr'><strong>est.</strong></span> <span class='ocrx_word' id='word_1_263' title='bbox 851 3287 936 3353; x_wconf 87' lang='lat' dir='ltr'><strong>Nam</strong></span> <span class='ocrx_word' id='word_1_264' title='bbox 961 3291 1149 3374; x_wconf 87' lang='lat' dir='ltr'><strong>gravissime</strong></span> 
     </span>
     <span class='ocr_line' id='line_1_37' title="bbox 137 3369 1148 3461; baseline 0.004 -25"><span class='ocrx_word' id='word_1_265' title='bbox 137 3371 291 3459; x_wconf 66' lang='lat' dir='ltr'><strong>profecto,</strong></span> <span class='ocrx_word' id='word_1_266' title='bbox 308 3382 454 3437; x_wconf 85' lang='lat' dir='ltr'><strong>errarunt</strong></span> <span class='ocrx_word' id='word_1_267' title='bbox 485 3371 540 3456; x_wconf 92' lang='lat' dir='ltr'><strong>qui</strong></span> <span class='ocrx_word' id='word_1_268' title='bbox 565 3373 600 3437; x_wconf 90' lang='lat' dir='ltr'><strong>in</strong></span> <span class='ocrx_word' id='word_1_269' title='bbox 623 3369 772 3439; x_wconf 88' lang='lat' dir='ltr'><strong>Phaedro</strong></span> <span class='ocrx_word' id='word_1_270' title='bbox 805 3372 1054 3460; x_wconf 85' lang='lat' dir='ltr'><strong>disputationem</strong></span> <span class='ocrx_word' id='word_1_271' title='bbox 1086 3399 1148 3461; x_wconf 91' lang='lat' dir='ltr'><strong>pu·</strong></span> 
     </span>
     <span class='ocr_line' id='line_1_38' title="bbox 137 3456 1147 3546; baseline 0.002 -24"><span class='ocrx_word' id='word_1_272' title='bbox 137 3467 246 3524; x_wconf 81' lang='lat' dir='ltr'><strong>terunt</strong></span> <span class='ocrx_word' id='word_1_273' title='bbox 274 3457 368 3522; x_wconf 88' lang='lat' dir='ltr'><strong>unice</strong></span> <span class='ocrx_word' id='word_1_274' title='bbox 396 3467 541 3544; x_wconf 89' lang='lat' dir='ltr'><strong>spectare</strong></span> <span class='ocrx_word' id='word_1_275' title='bbox 567 3456 609 3523; x_wconf 92' lang='lat' dir='ltr'><strong>ad</strong></span> <span class='ocrx_word' id='word_1_276' title='bbox 635 3458 832 3546; x_wconf 85' lang='lat' dir='ltr'><strong>arguendam</strong></span> <span class='ocrx_word' id='word_1_277' title='bbox 858 3457 1031 3525; x_wconf 85' lang='lat' dir='ltr'><strong>rhetorices</strong></span> <span class='ocrx_word' id='word_1_278' title='bbox 1056 3462 1147 3525; x_wconf 84' lang='lat' dir='ltr'><strong>vani-</strong></span> 
     </span>
     <span class='ocr_line' id='line_1_39' title="bbox 138 3542 1148 3627; baseline 0.004 -21"><span class='ocrx_word' id='word_1_279' title='bbox 138 3552 249 3621; x_wconf 89' lang='lat' dir='ltr'><strong>tatem,</strong></span> <span class='ocrx_word' id='word_1_280' title='bbox 284 3542 330 3607; x_wconf 90' lang='lat' dir='ltr'><strong>ita</strong></span> <span class='ocrx_word' id='word_1_281' title='bbox 362 3552 400 3606; x_wconf 92' lang='lat' dir='ltr'><strong>ut</strong></span> <span class='ocrx_word' id='word_1_282' title='bbox 427 3543 589 3609; x_wconf 87' lang='lat' dir='ltr'><strong>orationes</strong></span> <span class='ocrx_word' id='word_1_283' title='bbox 620 3564 701 3627; x_wconf 86' lang='lat' dir='ltr'><strong>quae</strong></span> <span class='ocrx_word' id='word_1_284' title='bbox 735 3542 950 3610; x_wconf 89' lang='lat' dir='ltr'><strong>declamantur</strong></span> <span class='ocrx_word' id='word_1_285' title='bbox 976 3547 1148 3610; x_wconf 88' lang='lat' dir='ltr'><strong>amatoriae</strong></span> 
     </span>
     <span class='ocr_line' id='line_1_40' title="bbox 136 3623 1146 3717; baseline 0.003 -26"><span class='ocrx_word' id='word_1_286' title='bbox 136 3649 196 3712; x_wconf 91' lang='lat' dir='ltr'><strong>pro</strong></span> <span class='ocrx_word' id='word_1_287' title='bbox 217 3628 373 3716; x_wconf 89' lang='lat' dir='ltr'><strong>exemplis</strong></span> <span class='ocrx_word' id='word_1_288' title='bbox 395 3623 594 3713; x_wconf 82' lang='lat' dir='ltr'><strong>eloqdentiae</strong></span> <span class='ocrx_word' id='word_1_289' title='bbox 614 3627 780 3695; x_wconf 91' lang='lat' dir='ltr'><strong>habendae</strong></span> <span class='ocrx_word' id='word_1_290' title='bbox 795 3630 868 3699; x_wconf 83' lang='lat' dir='ltr'><strong>sint.</strong></span> <span class='ocrx_word' id='word_1_291' title='bbox 903 3628 977 3711; x_wconf 84' lang='lat' dir='ltr'><strong>Qua</strong></span> <span class='ocrx_word' id='word_1_292' title='bbox 998 3631 1146 3717; x_wconf 88' lang='lat' dir='ltr'><strong>opinione</strong></span> 
     </span>
     <span class='ocr_line' id='line_1_41' title="bbox 135 3711 1145 3803; baseline 0.002 -28"><span class='ocrx_word' id='word_1_293' title='bbox 135 3711 218 3776; x_wconf 90' lang='lat' dir='ltr'><strong>nihil</strong></span> <span class='ocrx_word' id='word_1_294' title='bbox 239 3734 308 3777; x_wconf 87' lang='lat' dir='ltr'><strong>esse</strong></span> <span class='ocrx_word' id='word_1_295' title='bbox 328 3713 514 3798; x_wconf 88' lang='lat' dir='ltr'><strong>perversius</strong></span> <span class='ocrx_word' id='word_1_296' title='bbox 534 3713 569 3778; x_wconf 92' lang='lat' dir='ltr'><strong>in</strong></span> <span class='ocrx_word' id='word_1_297' title='bbox 582 3711 822 3803; x_wconf 85' lang='lat' dir='ltr'><strong>Prolegomenis</strong></span> <span class='ocrx_word' id='word_1_298' title='bbox 837 3715 878 3781; x_wconf 93' lang='lat' dir='ltr'><strong>ad</strong></span> <span class='ocrx_word' id='word_1_299' title='bbox 892 3717 1024 3781; x_wconf 89' lang='lat' dir='ltr'><strong>alteram</strong></span> <span class='ocrx_word' id='word_1_300' title='bbox 1038 3714 1145 3778; x_wconf 92' lang='lat' dir='ltr'><strong>Phae-</strong></span> 
     </span>
     <span class='ocr_line' id='line_1_42' title="bbox 137 3795 1146 3865; baseline -0.001 -7"><span class='ocrx_word' id='word_1_301' title='bbox 137 3795 189 3859; x_wconf 88' lang='lat' dir='ltr'><strong>dri</strong></span> <span class='ocrx_word' id='word_1_302' title='bbox 210 3795 380 3863; x_wconf 86' lang='lat' dir='ltr'><strong>editionem</strong></span> <span class='ocrx_word' id='word_1_303' title='bbox 401 3798 618 3865; x_wconf 88' lang='lat' dir='ltr'><strong>demonstrare</strong></span> <span class='ocrx_word' id='word_1_304' title='bbox 640 3799 871 3865; x_wconf 90' lang='lat' dir='ltr'><strong>constituimus.</strong></span> <span class='ocrx_word' id='word_1_305' title='bbox 893 3800 962 3865; x_wconf 86' lang='lat' dir='ltr'><strong>Iam</strong></span> <span class='ocrx_word' id='word_1_306' title='bbox 983 3820 1059 3864; x_wconf 86' lang='lat' dir='ltr'><strong>vero</strong></span> <span class='ocrx_word' id='word_1_307' title='bbox 1081 3805 1146 3859; x_wconf 88' lang='lat' dir='ltr'><strong>tam</strong></span> 
     </span>
     <span class='ocr_line' id='line_1_43' title="bbox 136 3876 1146 4029; baseline -0.004 -83"><span class='ocrx_word' id='word_1_308' title='bbox 136 3881 172 3946; x_wconf 92' lang='lat' dir='ltr'><strong>in</strong></span> <span class='ocrx_word' id='word_1_309' title='bbox 195 3876 366 4029; x_wconf 61' lang='lat' dir='ltr'><strong>Spmqqlaio</strong></span> <span class='ocrx_word' id='word_1_310' title='bbox 384 3905 481 3967; x_wconf 91' lang='lat' dir='ltr'><strong>quam</strong></span> <span class='ocrx_word' id='word_1_311' title='bbox 501 3884 536 3948; x_wconf 91' lang='lat' dir='ltr'><strong>in</strong></span> <span class='ocrx_word' id='word_1_312' title='bbox 557 3884 704 3950; x_wconf 86' lang='lat' dir='ltr'><strong>Phaedro</strong></span> <span class='ocrx_word' id='word_1_313' title='bbox 724 3884 817 3950; x_wconf 88' lang='lat' dir='ltr'><strong>etiam</strong></span> <span class='ocrx_word' id='word_1_314' title='bbox 838 3885 1019 3950; x_wconf 83' lang='lat' dir='ltr'><strong>divinarum</strong></span> <span class='ocrx_word' id='word_1_315' title='bbox 1040 3901 1146 3943; x_wconf 89' lang='lat' dir='ltr'><strong>rerum</strong></span> 
     </span>
    </p>
   </div>
   <div class='ocr_carea' id='block_1_5' title="bbox 137 3963 1145 4115">
    <p class='ocr_par' dir='ltr' id='par_1_6' title="bbox 137 3963 1145 4115">
     <span class='ocr_line' id='line_1_44' title="bbox 137 3963 1145 4115; baseline -0.002 -85"><span class='ocrx_word' id='word_1_316' title='bbox 137 3986 239 4030; x_wconf 85' lang='lat' dir='ltr'><strong>amon</strong></span> <span class='ocrx_word' id='word_1_317' title='bbox 259 3988 281 4051; x_wconf 92' lang='lat' dir='ltr'><strong>p</strong></span> <span class='ocrx_word' id='word_1_318' title='bbox 326 3966 456 4053; x_wconf 86' lang='lat' dir='ltr'><strong>osophis</strong></span> <span class='ocrx_word' id='word_1_319' title='bbox 476 3969 608 4056; x_wconf 89' lang='lat' dir='ltr'><strong>proprio</strong></span> <span class='ocrx_word' id='word_1_320' title='bbox 630 3979 791 4054; x_wconf 88' lang='lat' dir='ltr'><strong>tamquam</strong></span> <span class='ocrx_word' id='word_1_321' title='bbox 820 3992 838 4034; x_wconf 89' lang='lat' dir='ltr'><strong>e</strong></span> <span class='ocrx_word' id='word_1_322' title='bbox 859 3969 989 4115; x_wconf 63' lang='lat' dir='ltr'><strong>regione</strong></span> <span class='ocrx_word' id='word_1_323' title='bbox 1010 3963 1145 4030; x_wconf 87' lang='lat' dir='ltr'><strong>colloca-</strong></span> 
     </span>
    </p>
   </div>
   <div class='ocr_carea' id='block_1_6' title="bbox 136 4049 1202 4205">
    <p class='ocr_par' dir='ltr' id='par_1_7' title="bbox 136 4049 1202 4205">
     <span class='ocr_line' id='line_1_45' title="bbox 136 4049 1202 4140; baseline -0.003 -25"><span class='ocrx_word' id='word_1_324' title='bbox 136 4061 190 4115; x_wconf 89' lang='lat' dir='ltr'><strong>tur</strong></span> <span class='ocrx_word' id='word_1_325' title='bbox 211 4071 300 4115; x_wconf 87' lang='lat' dir='ltr'><strong>amor</strong></span> <span class='ocrx_word' id='word_1_326' title='bbox 321 4052 482 4118; x_wconf 86' lang='lat' dir='ltr'><strong>masculus</strong></span> <span class='ocrx_word' id='word_1_327' title='bbox 501 4054 594 4138; x_wconf 88' lang='lat' dir='ltr'><strong>isque</strong></span> <span class='ocrx_word' id='word_1_328' title='bbox 609 4064 727 4134; x_wconf 84' lang='lat' dir='ltr'><strong>castus,</strong></span> <span class='ocrx_word' id='word_1_329' title='bbox 749 4054 881 4140; x_wconf 86' lang='lat' dir='ltr'><strong>probus,</strong></span> <span class='ocrx_word' id='word_1_330' title='bbox 925 4060 1065 4129; x_wconf 91' lang='lat' dir='ltr'><strong>onestus,</strong></span> <span class='ocrx_word' id='word_1_331' title='bbox 1089 4049 1145 4133; x_wconf 93' lang='lat' dir='ltr'><strong>qui</strong></span> <span class='ocrx_word' id='word_1_332' title='bbox 1198 4118 1202 4125; x_wconf 62' lang='grc'>,</span> 
     </span>
     <span class='ocr_line' id='line_1_46' title="bbox 170 4138 943 4205; baseline -0.025 -15"><span class='ocrx_word' id='word_1_333' title='bbox 170 4139 237 4190; x_wconf 86' lang='lat' dir='ltr'><strong>Plat.</strong></span> <span class='ocrx_word' id='word_1_334' title='bbox 257 4139 322 4205; x_wconf 90' lang='lat' dir='ltr'><strong>Opp.</strong></span> <span class='ocrx_word' id='word_1_335' title='bbox 340 4139 401 4191; x_wconf 91' lang='lat' dir='ltr'><strong>Vol.</strong></span> <span class='ocrx_word' id='word_1_336' title='bbox 413 4140 435 4191; x_wconf 93' lang='lat'><strong>1.</strong></span> <span class='ocrx_word' id='word_1_337' title='bbox 453 4141 518 4196; x_wconf 82' lang='lat' dir='ltr'><strong>Sect.</strong></span> <span class='ocrx_word' id='word_1_338' title='bbox 530 4142 580 4199; x_wconf 85' lang='lat'><strong>111,</strong></span> <span class='ocrx_word' id='word_1_339' title='bbox 835 4138 943 4174; x_wconf 73' lang='lat' dir='ltr'><strong>*sss*</strong></span> 
     </span>
    </p>
   </div>
   <div class='ocr_carea' id='block_1_7' title="bbox 0 0 1306 4620">
    <p class='ocr_par' dir='ltr' id='par_1_8' title="bbox 0 0 1306 4620">
     <span class='ocr_line' id='line_1_47' title="bbox 0 0 1306 4620; baseline 0 3"><span class='ocrx_word' id='word_1_340' title='bbox 0 0 1306 4620; x_wconf 95' lang='lat' dir='ltr'><strong> </strong></span> 
     </span>
    </p>
   </div>
  </div>
 </body>
</html>
