<?xml version="1.0" encoding="UTF-8"?>
<!DOCTYPE html PUBLIC "-//W3C//DTD XHTML 1.0 Transitional//EN"
    "http://www.w3.org/TR/xhtml1/DTD/xhtml1-transitional.dtd">
<html xmlns="http://www.w3.org/1999/xhtml" xml:lang="en" lang="en">
 <head>
  <title>
</title>
<meta http-equiv="Content-Type" content="text/html;charset=utf-8" />
  <meta name='ocr-system' content='tesseract 3.04.00' />
  <meta name='ocr-capabilities' content='ocr_page ocr_carea ocr_par ocr_line ocrx_word'/>
</head>
<body>
  <div class='ocr_page' id='page_1' title='image "./platonisoperaom00stalgoog_0386.png"; bbox 0 0 2604 4620; ppageno 0'>
   <div class='ocr_carea' id='block_1_1' title="bbox 531 204 1185 297">
    <p class='ocr_par' dir='ltr' id='par_1_1' title="bbox 531 204 1185 297">
     <span class='ocr_line' id='line_1_1' title="bbox 531 204 1185 297; baseline 0.009 -15"><span class='ocrx_word' id='word_1_1' title='bbox 531 235 580 282; x_wconf 77' lang='lat' dir='ltr'><strong>nn</strong></span> <span class='ocrx_word' id='word_1_2' title='bbox 604 204 819 297; x_wconf 74' lang='grc'><strong>0111100100.</strong></span> <span class='ocrx_word' id='word_1_3' title='bbox 891 280 898 292; x_wconf 89' lang='grc'><strong>,</strong></span> <span class='ocrx_word' id='word_1_4' title='bbox 1094 239 1185 288; x_wconf 79' lang='lat' dir='ltr'><strong>xxm</strong></span> 
     </span>
    </p>
   </div>
   <div class='ocr_carea' id='block_1_2' title="bbox 157 385 1257 2415">
    <p class='ocr_par' dir='ltr' id='par_1_2' title="bbox 157 385 1257 2415">
     <span class='ocr_line' id='line_1_2' title="bbox 165 385 1184 473; baseline 0.001 -18"><span class='ocrx_word' id='word_1_5' title='bbox 165 389 358 465; x_wconf 88' lang='lat' dir='ltr'><strong>bidinosum,</strong></span> <span class='ocrx_word' id='word_1_6' title='bbox 381 386 440 453; x_wconf 85' lang='lat' dir='ltr'><strong>sed</strong></span> <span class='ocrx_word' id='word_1_7' title='bbox 460 386 548 452; x_wconf 87' lang='lat' dir='ltr'><strong>intus</strong></span> <span class='ocrx_word' id='word_1_8' title='bbox 566 385 748 473; x_wconf 85' lang='lat' dir='ltr'><strong>inpeotore</strong></span> <span class='ocrx_word' id='word_1_9' title='bbox 763 397 884 453; x_wconf 84' lang='lat' dir='ltr'>tantam</span> <span class='ocrx_word' id='word_1_10' title='bbox 897 387 1054 453; x_wconf 77' lang='lat' dir='ltr'><strong>inclusam</strong></span> <span class='ocrx_word' id='word_1_11' title='bbox 1064 388 1184 456; x_wconf 89' lang='lat' dir='ltr'><strong>habere</strong></span> 
     </span>
     <span class='ocr_line' id='line_1_3' title="bbox 167 470 1184 558; baseline -0.001 -18"><span class='ocrx_word' id='word_1_12' title='bbox 167 472 420 558; x_wconf 79' lang='lat' dir='ltr'><strong>temperantiam,</strong></span> <span class='ocrx_word' id='word_1_13' title='bbox 447 481 485 535; x_wconf 92' lang='lat' dir='ltr'><strong>ut</strong></span> <span class='ocrx_word' id='word_1_14' title='bbox 505 470 601 535; x_wconf 91' lang='lat' dir='ltr'><strong>nullis</strong></span> <span class='ocrx_word' id='word_1_15' title='bbox 622 492 776 554; x_wconf 89' lang='lat' dir='ltr'><strong>umquam</strong></span> <span class='ocrx_word' id='word_1_16' title='bbox 795 471 954 537; x_wconf 80' lang='lat' dir='ltr'>illecebris</span> <span class='ocrx_word' id='word_1_17' title='bbox 976 472 1019 536; x_wconf 90' lang='lat' dir='ltr'><strong>ad</strong></span> <span class='ocrx_word' id='word_1_18' title='bbox 1038 473 1184 539; x_wconf 90' lang='lat' dir='ltr'><strong>illicitum</strong></span> 
     </span>
     <span class='ocr_line' id='line_1_4' title="bbox 166 554 1183 643; baseline 0 -21"><span class='ocrx_word' id='word_1_19' title='bbox 166 580 304 625; x_wconf 88' lang='lat' dir='ltr'><strong>amorem</strong></span> <span class='ocrx_word' id='word_1_20' title='bbox 325 555 433 643; x_wconf 79' lang='lat' dir='ltr'>pellici</span> <span class='ocrx_word' id='word_1_21' title='bbox 454 554 606 640; x_wconf 87' lang='lat' dir='ltr'><strong>potuerit,</strong></span> <span class='ocrx_word' id='word_1_22' title='bbox 627 555 726 639; x_wconf 92' lang='lat' dir='ltr'><strong>idque</strong></span> <span class='ocrx_word' id='word_1_23' title='bbox 749 578 784 621; x_wconf 90' lang='lat' dir='ltr'><strong>se</strong></span> <span class='ocrx_word' id='word_1_24' title='bbox 800 556 909 640; x_wconf 88' lang='lat' dir='ltr'><strong>ipsum</strong></span> <span class='ocrx_word' id='word_1_25' title='bbox 923 566 1091 642; x_wconf 85' lang='lat' dir='ltr'><strong>expertum</strong></span> <span class='ocrx_word' id='word_1_26' title='bbox 1106 558 1183 624; x_wconf 88' lang='lat' dir='ltr'><strong>dicit</strong></span> 
     </span>
     <span class='ocr_line' id='line_1_5' title="bbox 166 636 1183 740; baseline -0.001 -32"><span class='ocrx_word' id='word_1_27' title='bbox 166 665 247 722; x_wconf 90' lang='lat' dir='ltr'><strong>esse,</strong></span> <span class='ocrx_word' id='word_1_28' title='bbox 275 664 375 726; x_wconf 92' lang='lat' dir='ltr'><strong>quum</strong></span> <span class='ocrx_word' id='word_1_29' title='bbox 401 636 504 706; x_wconf 83' lang='lat' dir='ltr'><strong>forma</strong></span> <span class='ocrx_word' id='word_1_30' title='bbox 531 662 589 704; x_wconf 88' lang='lat' dir='ltr'><strong>sua</strong></span> <span class='ocrx_word' id='word_1_31' title='bbox 611 636 778 705; x_wconf 81' lang='lat' dir='ltr'><strong>Socratem</strong></span> <span class='ocrx_word' id='word_1_32' title='bbox 805 651 935 726; x_wconf 89' lang='lat' dir='ltr'><strong>putaret</strong></span> <span class='ocrx_word' id='word_1_33' title='bbox 961 652 1183 740; x_wconf 79' lang='lat' dir='ltr'><strong>expugnatum</strong></span> 
     </span>
     <span class='ocr_line' id='line_1_6' title="bbox 166 725 1182 812; baseline -0.001 -19"><span class='ocrx_word' id='word_1_34' title='bbox 166 749 236 793; x_wconf 89' lang='lat' dir='ltr'><strong>csse</strong></span> <span class='ocrx_word' id='word_1_35' title='bbox 256 728 417 811; x_wconf 65' lang='lat' dir='ltr'><strong>uelletque</strong></span> <span class='ocrx_word' id='word_1_36' title='bbox 438 725 502 811; x_wconf 88' lang='lat' dir='ltr'><strong>ipsi</strong></span> <span class='ocrx_word' id='word_1_37' title='bbox 522 746 646 789; x_wconf 91' lang='lat' dir='ltr'><strong>morem</strong></span> <span class='ocrx_word' id='word_1_38' title='bbox 667 747 790 811; x_wconf 84' lang='lat' dir='ltr'><strong>gerere,</strong></span> <span class='ocrx_word' id='word_1_39' title='bbox 810 746 876 808; x_wconf 85' lang='lat' dir='ltr'><strong>quo</strong></span> <span class='ocrx_word' id='word_1_40' title='bbox 889 725 981 791; x_wconf 89' lang='lat' dir='ltr'><strong>fieret</strong></span> <span class='ocrx_word' id='word_1_41' title='bbox 995 726 1182 812; x_wconf 66' lang='lat' dir='ltr'><strong>sapientiem</strong></span> 
     </span>
     <span class='ocr_line' id='line_1_7' title="bbox 165 807 1184 960; baseline 0.001 -84"><span class='ocrx_word' id='word_1_42' title='bbox 165 822 233 876; x_wconf 93' lang='lat' dir='ltr'><strong>tum</strong></span> <span class='ocrx_word' id='word_1_43' title='bbox 255 811 341 877; x_wconf 92' lang='lat' dir='ltr'><strong>enim</strong></span> <span class='ocrx_word' id='word_1_44' title='bbox 362 809 403 875; x_wconf 92' lang='lat' dir='ltr'><strong>ab</strong></span> <span class='ocrx_word' id='word_1_45' title='bbox 426 831 461 875; x_wconf 89' lang='lat' dir='ltr'><strong>se</strong></span> <span class='ocrx_word' id='word_1_46' title='bbox 483 807 711 874; x_wconf 84' lang='lat' dir='ltr'><strong>continentiam</strong></span> <span class='ocrx_word' id='word_1_47' title='bbox 732 807 802 873; x_wconf 87' lang='lat' dir='ltr'><strong>eius</strong></span> <span class='ocrx_word' id='word_1_48' title='bbox 824 819 920 893; x_wconf 90' lang='lat' dir='ltr'><strong>atque</strong></span> <span class='ocrx_word' id='word_1_49' title='bbox 940 810 1184 960; x_wconf 84' lang='lat' dir='ltr'><strong>temperantiam</strong></span> 
     </span>
     <span class='ocr_line' id='line_1_8' title="bbox 165 890 1183 972; baseline -0.002 -11"><span class='ocrx_word' id='word_1_50' title='bbox 165 894 287 961; x_wconf 78' lang='lat' dir='ltr'><strong>frustra</strong></span> <span class='ocrx_word' id='word_1_51' title='bbox 307 895 408 960; x_wconf 81' lang='grc'><strong>1111000</strong></span> <span class='ocrx_word' id='word_1_52' title='bbox 429 903 591 959; x_wconf 86' lang='lat' dir='ltr'><strong>tentatam.</strong></span> <span class='ocrx_word' id='word_1_53' title='bbox 615 890 710 972; x_wconf 81' lang='lat' dir='ltr'><strong>Quae</strong></span> <span class='ocrx_word' id='word_1_54' title='bbox 732 915 790 958; x_wconf 90' lang='lat' dir='ltr'><strong>cur</strong></span> <span class='ocrx_word' id='word_1_55' title='bbox 810 892 857 958; x_wconf 85' lang='lat' dir='ltr'><strong>ita</strong></span> <span class='ocrx_word' id='word_1_56' title='bbox 870 891 910 957; x_wconf 91' lang='lat' dir='ltr'><strong>ab</strong></span> <span class='ocrx_word' id='word_1_57' title='bbox 925 892 1000 959; x_wconf 86' lang='lat' dir='ltr'><strong>Alei</strong></span> <span class='ocrx_word' id='word_1_58' title='bbox 1023 894 1183 959; x_wconf 83' lang='lat' dir='ltr'><strong>inde-nar·</strong></span> 
     </span>
     <span class='ocr_line' id='line_1_9' title="bbox 163 973 1184 1065; baseline -0.001 -21"><span class='ocrx_word' id='word_1_59' title='bbox 163 991 285 1057; x_wconf 88' lang='lat' dir='ltr'><strong>rentur,</strong></span> <span class='ocrx_word' id='word_1_60' title='bbox 307 978 418 1065; x_wconf 90' lang='lat' dir='ltr'><strong>pulcre</strong></span> <span class='ocrx_word' id='word_1_61' title='bbox 438 977 520 1042; x_wconf 84' lang='lat' dir='ltr'><strong>vidit</strong></span> <span class='ocrx_word' id='word_1_62' title='bbox 542 973 828 1058; x_wconf 82' lang='lat' dir='ltr'><strong>Quintilianus</strong></span> <span class='ocrx_word' id='word_1_63' title='bbox 848 976 944 1043; x_wconf 88' lang='lat' dir='ltr'><strong>VIII.</strong></span> <span class='ocrx_word' id='word_1_64' title='bbox 958 980 990 1055; x_wconf 83' lang='lat'><strong>4,</strong></span> <span class='ocrx_word' id='word_1_65' title='bbox 1006 980 1069 1056; x_wconf 72' lang='lat'><strong>23,</strong></span> <span class='ocrx_word' id='word_1_66' title='bbox 1089 979 1184 1062; x_wconf 83' lang='grc'><strong>0111110</strong></span> 
     </span>
     <span class='ocr_line' id='line_1_10' title="bbox 164 1059 1184 1147; baseline 0 -19"><span class='ocrx_word' id='word_1_67' title='bbox 164 1063 246 1130; x_wconf 91' lang='lat' dir='ltr'><strong>haec</strong></span> <span class='ocrx_word' id='word_1_68' title='bbox 267 1072 343 1129; x_wconf 90' lang='lat' dir='ltr'><strong>sunt</strong></span> <span class='ocrx_word' id='word_1_69' title='bbox 364 1061 477 1128; x_wconf 88' lang='lat' dir='ltr'><strong>verba:</strong></span> <span class='ocrx_word' id='word_1_70' title='bbox 507 1059 589 1126; x_wconf 93' lang='lat' dir='ltr'><strong>Nec</strong></span> <span class='ocrx_word' id='word_1_71' title='bbox 610 1059 704 1124; x_wconf 93' lang='lat' dir='ltr'><strong>mihi</strong></span> <span class='ocrx_word' id='word_1_72' title='bbox 725 1061 885 1126; x_wconf 90' lang='lat' dir='ltr'><strong>videtur</strong></span> <span class='ocrx_word' id='word_1_73' title='bbox 906 1061 945 1126; x_wconf 93' lang='lat' dir='ltr'><strong>in</strong></span> <span class='ocrx_word' id='word_1_74' title='bbox 968 1059 1060 1147; x_wconf 86' lang='lat' dir='ltr'><strong>Sym</strong></span> <span class='ocrx_word' id='word_1_75' title='bbox 1096 1064 1184 1128; x_wconf 88' lang='lat' dir='ltr'><strong>osio</strong></span> 
     </span>
     <span class='ocr_line' id='line_1_11' title="bbox 164 1144 1182 1226; baseline 0.002 -15"><span class='ocrx_word' id='word_1_76' title='bbox 164 1146 301 1226; x_wconf 89' lang='lat' dir='ltr'><strong>Plato,</strong></span> <span class='ocrx_word' id='word_1_77' title='bbox 358 1167 447 1211; x_wconf 89' lang='lat' dir='ltr'><strong>uum</strong></span> <span class='ocrx_word' id='word_1_78' title='bbox 474 1144 729 1210; x_wconf 86' lang='lat' dir='ltr'><strong>Alcibiadem</strong></span> <span class='ocrx_word' id='word_1_79' title='bbox 757 1145 1022 1211; x_wconf 83' lang='lat' dir='ltr'><strong>confitentem</strong></span> <span class='ocrx_word' id='word_1_80' title='bbox 1079 1169 1097 1211; x_wconf 89' lang='lat' dir='ltr'><strong>e</strong></span> <span class='ocrx_word' id='word_1_81' title='bbox 1125 1171 1182 1226; x_wconf 86' lang='lat' dir='ltr'><strong>se,</strong></span> 
     </span>
     <span class='ocr_line' id='line_1_12' title="bbox 165 1168 1184 1315; baseline 0 -19"><span class='ocrx_word' id='word_1_82' title='bbox 165 1231 261 1315; x_wconf 92' lang='lat' dir='ltr'><strong>quid</strong></span> <span class='ocrx_word' id='word_1_83' title='bbox 282 1253 302 1294; x_wconf 90' lang='lat' dir='ltr'><strong>a</strong></span> <span class='ocrx_word' id='word_1_84' title='bbox 324 1168 491 1295; x_wconf 83' lang='lat' dir='ltr'><strong>Socrate</strong></span> <span class='ocrx_word' id='word_1_85' title='bbox 511 1228 593 1315; x_wconf 89' lang='lat' dir='ltr'><strong>pati</strong></span> <span class='ocrx_word' id='word_1_86' title='bbox 615 1228 807 1308; x_wconf 88' lang='lat' dir='ltr'><strong>voluerit,</strong></span> <span class='ocrx_word' id='word_1_87' title='bbox 829 1239 983 1308; x_wconf 89' lang='lat' dir='ltr'><strong>narrat,</strong></span> <span class='ocrx_word' id='word_1_88' title='bbox 1004 1240 1048 1294; x_wconf 86' lang='lat' dir='ltr'><strong>ut</strong></span> <span class='ocrx_word' id='word_1_89' title='bbox 1068 1231 1184 1297; x_wconf 88' lang='lat' dir='ltr'><strong>illum</strong></span> 
     </span>
     <span class='ocr_line' id='line_1_13' title="bbox 164 1310 1181 1398; baseline -0.001 -18"><span class='ocrx_word' id='word_1_90' title='bbox 164 1314 363 1398; x_wconf 79' lang='lat' dir='ltr'><strong>culparet,</strong></span> <span class='ocrx_word' id='word_1_91' title='bbox 385 1312 482 1379; x_wconf 90' lang='lat' dir='ltr'><strong>haec</strong></span> <span class='ocrx_word' id='word_1_92' title='bbox 503 1312 735 1391; x_wconf 81' lang='lat' dir='ltr'><strong>tradidisse,</strong></span> <span class='ocrx_word' id='word_1_93' title='bbox 764 1312 902 1378; x_wconf 80' lang='lat' dir='ltr'><strong>&#39;sed&#39;ut</strong></span> <span class='ocrx_word' id='word_1_94' title='bbox 924 1310 1105 1379; x_wconf 89' lang='lat' dir='ltr'><strong>Socratis</strong></span> <span class='ocrx_word' id='word_1_95' title='bbox 1126 1318 1181 1380; x_wconf 80' lang='grc'><strong>111-</strong></span> 
     </span>
     <span class='ocr_line' id='line_1_14' title="bbox 163 1397 1183 1482; baseline 0 -18"><span class='ocrx_word' id='word_1_96' title='bbox 163 1401 308 1464; x_wconf 85' lang='lat' dir='ltr'><strong>aictam</strong></span> <span class='ocrx_word' id='word_1_97' title='bbox 340 1399 628 1462; x_wconf 78' lang='lat' dir='ltr'><strong>continentiam</strong></span> <span class='ocrx_word' id='word_1_98' title='bbox 659 1397 912 1477; x_wconf 87' lang='lat' dir='ltr'><strong>ostenderet,</strong></span> <span class='ocrx_word' id='word_1_99' title='bbox 949 1419 1063 1482; x_wconf 92' lang='lat' dir='ltr'><strong>quae</strong></span> <span class='ocrx_word' id='word_1_100' title='bbox 1096 1416 1183 1464; x_wconf 78' lang='grc'><strong>001-</strong></span> 
     </span>
     <span class='ocr_line' id='line_1_15' title="bbox 163 1480 1181 1567; baseline 0.003 -21"><span class='ocrx_word' id='word_1_101' title='bbox 163 1482 297 1567; x_wconf 89' lang='lat' dir='ltr'><strong>rumpi</strong></span> <span class='ocrx_word' id='word_1_102' title='bbox 328 1480 624 1567; x_wconf 87' lang='lat' dir='ltr'><strong>speciosissimi</strong></span> <span class='ocrx_word' id='word_1_103' title='bbox 655 1480 826 1549; x_wconf 84' lang='lat' dir='ltr'><strong>hominis</strong></span> <span class='ocrx_word' id='word_1_104' title='bbox 859 1492 936 1548; x_wconf 91' lang='lat' dir='ltr'><strong>tam</strong></span> <span class='ocrx_word' id='word_1_105' title='bbox 968 1481 1087 1548; x_wconf 91' lang='lat' dir='ltr'><strong>obvia</strong></span> <span class='ocrx_word' id='word_1_106' title='bbox 1119 1505 1181 1549; x_wconf 87' lang='lat' dir='ltr'><strong>vo·</strong></span> 
     </span>
     <span class='ocr_line' id='line_1_16' title="bbox 162 1563 1183 1654; baseline 0.003 -22"><span class='ocrx_word' id='word_1_107' title='bbox 162 1567 317 1632; x_wconf 88' lang='lat' dir='ltr'><strong>luntate</strong></span> <span class='ocrx_word' id='word_1_108' title='bbox 328 1587 402 1635; x_wconf 88' lang='lat' dir='ltr'><strong>non</strong></span> <span class='ocrx_word' id='word_1_109' title='bbox 416 1575 564 1654; x_wconf 86' lang='lat' dir='ltr'><strong>posset.</strong></span> <span class='ocrx_word' id='word_1_110' title='bbox 588 1563 792 1649; x_wconf 81' lang='lat' dir='ltr'><strong>Quamquam</strong></span> <span class='ocrx_word' id='word_1_111' title='bbox 802 1565 898 1631; x_wconf 83' lang='lat' dir='ltr'><strong>Plato</strong></span> <span class='ocrx_word' id='word_1_112' title='bbox 908 1578 1075 1652; x_wconf 88' lang='lat' dir='ltr'><strong>praeterea</strong></span> <span class='ocrx_word' id='word_1_113' title='bbox 1084 1568 1183 1635; x_wconf 87' lang='lat' dir='ltr'><strong>etiam</strong></span> 
     </span>
     <span class='ocr_line' id='line_1_17' title="bbox 164 1648 1183 1736; baseline 0.003 -22"><span class='ocrx_word' id='word_1_114' title='bbox 164 1649 267 1723; x_wconf 88' lang='lat' dir='ltr'><strong>maius</strong></span> <span class='ocrx_word' id='word_1_115' title='bbox 289 1649 441 1734; x_wconf 89' lang='lat' dir='ltr'><strong>quiddam</strong></span> <span class='ocrx_word' id='word_1_116' title='bbox 463 1649 629 1736; x_wconf 83' lang='lat' dir='ltr'><strong>spectavit.</strong></span> <span class='ocrx_word' id='word_1_117' title='bbox 651 1648 843 1715; x_wconf 82' lang='lat' dir='ltr'><strong>Informavit</strong></span> <span class='ocrx_word' id='word_1_118' title='bbox 856 1651 942 1716; x_wconf 91' lang='lat' dir='ltr'><strong>enim</strong></span> <span class='ocrx_word' id='word_1_119' title='bbox 954 1651 1015 1718; x_wconf 90' lang='lat' dir='ltr'><strong>hoc</strong></span> <span class='ocrx_word' id='word_1_120' title='bbox 1028 1653 1098 1718; x_wconf 88' lang='lat' dir='ltr'><strong>loeo</strong></span> <span class='ocrx_word' id='word_1_121' title='bbox 1112 1653 1183 1727; x_wconf 83' lang='lat' dir='ltr'><strong>eius</strong></span> 
     </span>
     <span class='ocr_line' id='line_1_18' title="bbox 164 1732 1257 1821; baseline 0.002 -22"><span class='ocrx_word' id='word_1_122' title='bbox 164 1735 314 1801; x_wconf 87' lang='lat' dir='ltr'><strong>amatoris</strong></span> <span class='ocrx_word' id='word_1_123' title='bbox 342 1732 525 1821; x_wconf 85' lang='lat' dir='ltr'><strong>imaginem,</strong></span> <span class='ocrx_word' id='word_1_124' title='bbox 554 1733 611 1819; x_wconf 92' lang='lat' dir='ltr'><strong>qui</strong></span> <span class='ocrx_word' id='word_1_125' title='bbox 637 1743 797 1801; x_wconf 88' lang='lat' dir='ltr'><strong>contemto</strong></span> <span class='ocrx_word' id='word_1_126' title='bbox 825 1735 969 1820; x_wconf 88' lang='lat' dir='ltr'><strong>corporis</strong></span> <span class='ocrx_word' id='word_1_127' title='bbox 989 1735 1067 1801; x_wconf 90' lang='lat' dir='ltr'><strong>flore</strong></span> <span class='ocrx_word' id='word_1_128' title='bbox 1088 1736 1183 1801; x_wconf 88' lang='lat' dir='ltr'><strong>unice</strong></span> <span class='ocrx_word' id='word_1_129' title='bbox 1252 1809 1257 1818; x_wconf 31' lang='lat'><strong>¹</strong></span> 
     </span>
     <span class='ocr_line' id='line_1_19' title="bbox 164 1817 1194 1906; baseline -0.001 -22"><span class='ocrx_word' id='word_1_130' title='bbox 164 1818 263 1884; x_wconf 91' lang='lat' dir='ltr'><strong>animi</strong></span> <span class='ocrx_word' id='word_1_131' title='bbox 283 1817 532 1906; x_wconf 87' lang='lat' dir='ltr'><strong>pulcritudinem</strong></span> <span class='ocrx_word' id='word_1_132' title='bbox 545 1818 731 1896; x_wconf 87' lang='lat' dir='ltr'><strong>admiratur,</strong></span> <span class='ocrx_word' id='word_1_133' title='bbox 752 1840 850 1903; x_wconf 90' lang='lat' dir='ltr'><strong>quam</strong></span> <span class='ocrx_word' id='word_1_134' title='bbox 863 1819 1019 1905; x_wconf 87' lang='lat' dir='ltr'><strong>sapientis</strong></span> <span class='ocrx_word' id='word_1_135' title='bbox 1032 1820 1194 1885; x_wconf 89' lang='lat' dir='ltr'><strong>virtutem.</strong></span> 
     </span>
     <span class='ocr_line' id='line_1_20' title="bbox 163 1901 1181 1974; baseline 0.006 -6"><span class='ocrx_word' id='word_1_136' title='bbox 163 1925 234 1971; x_wconf 87' lang='lat' dir='ltr'><strong>esse</strong></span> <span class='ocrx_word' id='word_1_137' title='bbox 261 1913 357 1970; x_wconf 88' lang='lat' dir='ltr'><strong>antea</strong></span> <span class='ocrx_word' id='word_1_138' title='bbox 376 1901 539 1968; x_wconf 90' lang='lat' dir='ltr'><strong>Diotimae</strong></span> <span class='ocrx_word' id='word_1_139' title='bbox 565 1902 708 1969; x_wconf 90' lang='lat' dir='ltr'><strong>oratione</strong></span> <span class='ocrx_word' id='word_1_140' title='bbox 730 1902 984 1968; x_wconf 87' lang='lat' dir='ltr'><strong>demonstratum</strong></span> <span class='ocrx_word' id='word_1_141' title='bbox 1004 1925 1076 1969; x_wconf 87' lang='lat' dir='ltr'><strong>esse</strong></span> <span class='ocrx_word' id='word_1_142' title='bbox 1097 1903 1181 1974; x_wconf 82' lang='lat' dir='ltr'><strong>vidi·</strong></span> 
     </span>
     <span class='ocr_line' id='line_1_21' title="bbox 165 1986 1182 2074; baseline 0 -21"><span class='ocrx_word' id='word_1_143' title='bbox 165 2011 253 2065; x_wconf 91' lang='lat' dir='ltr'><strong>mus;</strong></span> <span class='ocrx_word' id='word_1_144' title='bbox 279 1988 356 2073; x_wconf 90' lang='lat' dir='ltr'><strong>quin</strong></span> <span class='ocrx_word' id='word_1_145' title='bbox 378 1987 474 2052; x_wconf 90' lang='lat' dir='ltr'><strong>etiam</strong></span> <span class='ocrx_word' id='word_1_146' title='bbox 496 2008 570 2053; x_wconf 90' lang='lat' dir='ltr'><strong>eum</strong></span> <span class='ocrx_word' id='word_1_147' title='bbox 591 1987 764 2074; x_wconf 86' lang='lat' dir='ltr'><strong>descripsit</strong></span> <span class='ocrx_word' id='word_1_148' title='bbox 784 1987 971 2074; x_wconf 83' lang='lat' dir='ltr'><strong>sapientem,</strong></span> <span class='ocrx_word' id='word_1_149' title='bbox 992 1987 1048 2073; x_wconf 91' lang='lat' dir='ltr'><strong>qui</strong></span> <span class='ocrx_word' id='word_1_150' title='bbox 1065 1986 1182 2053; x_wconf 49' lang='lat' dir='ltr'><strong>&gt;amasii</strong></span> 
     </span>
     <span class='ocr_line' id='line_1_22' title="bbox 164 2070 1182 2159; baseline 0.002 -22"><span class='ocrx_word' id='word_1_151' title='bbox 164 2073 305 2137; x_wconf 91' lang='lat' dir='ltr'><strong>animum</strong></span> <span class='ocrx_word' id='word_1_152' title='bbox 332 2070 375 2135; x_wconf 92' lang='lat' dir='ltr'><strong>ad</strong></span> <span class='ocrx_word' id='word_1_153' title='bbox 399 2071 577 2137; x_wconf 89' lang='lat' dir='ltr'><strong>mirabilem</strong></span> <span class='ocrx_word' id='word_1_154' title='bbox 604 2072 693 2137; x_wconf 86' lang='lat' dir='ltr'><strong>illam</strong></span> <span class='ocrx_word' id='word_1_155' title='bbox 713 2071 839 2137; x_wconf 89' lang='lat' dir='ltr'><strong>divinae</strong></span> <span class='ocrx_word' id='word_1_156' title='bbox 860 2071 1084 2159; x_wconf 90' lang='lat' dir='ltr'><strong>pulcritudinis</strong></span> <span class='ocrx_word' id='word_1_157' title='bbox 1104 2094 1182 2159; x_wconf 88' lang='lat' dir='ltr'><strong>spe·</strong></span> 
     </span>
     <span class='ocr_line' id='line_1_23' title="bbox 163 2142 1182 2257; baseline 0 -34"><span class='ocrx_word' id='word_1_158' title='bbox 163 2156 246 2223; x_wconf 89' lang='lat' dir='ltr'><strong>ciem</strong></span> <span class='ocrx_word' id='word_1_159' title='bbox 267 2155 546 2242; x_wconf 86' lang='lat' dir='ltr'><strong>contemplandam</strong></span> <span class='ocrx_word' id='word_1_160' title='bbox 566 2142 752 2223; x_wconf 80' lang='lat' dir='ltr'><strong>corivertere</strong></span> <span class='ocrx_word' id='word_1_161' title='bbox 773 2168 916 2235; x_wconf 86' lang='lat' dir='ltr'><strong>conatur,</strong></span> <span class='ocrx_word' id='word_1_162' title='bbox 938 2155 1033 2223; x_wconf 88' lang='lat' dir='ltr'><strong>sicuti</strong></span> <span class='ocrx_word' id='word_1_163' title='bbox 1047 2166 1182 2257; x_wconf 78' lang='lat' dir='ltr'><strong>apparet</strong></span> 
     </span>
     <span class='ocr_line' id='line_1_24' title="bbox 157 2239 1204 2329; baseline 0.002 -23"><span class='ocrx_word' id='word_1_164' title='bbox 157 2259 206 2306; x_wconf 85' lang='lat' dir='ltr'><strong>&#39;ex</strong></span> <span class='ocrx_word' id='word_1_165' title='bbox 226 2240 290 2306; x_wconf 93' lang='lat' dir='ltr'><strong>illis</strong></span> <span class='ocrx_word' id='word_1_166' title='bbox 310 2263 386 2329; x_wconf 87' lang='lat' dir='ltr'><strong>pag.</strong></span> <span class='ocrx_word' id='word_1_167' title='bbox 401 2242 472 2307; x_wconf 79' lang='grc'><strong>218.</strong></span> <span class='ocrx_word' id='word_1_168' title='bbox 495 2239 536 2305; x_wconf 86' lang='grc' dir='ltr'><strong>Ε.</strong></span> <span class='ocrx_word' id='word_1_169' title='bbox 570 2240 685 2326; x_wconf 85' lang='lat' dir='ltr'><strong>Itaque</strong></span> <span class='ocrx_word' id='word_1_170' title='bbox 707 2251 774 2307; x_wconf 90' lang='lat' dir='ltr'><strong>toto</strong></span> <span class='ocrx_word' id='word_1_171' title='bbox 794 2241 855 2308; x_wconf 92' lang='lat' dir='ltr'><strong>hoc</strong></span> <span class='ocrx_word' id='word_1_172' title='bbox 875 2242 947 2308; x_wconf 93' lang='lat' dir='ltr'><strong>loco</strong></span> <span class='ocrx_word' id='word_1_173' title='bbox 968 2263 1099 2328; x_wconf 76' lang='lat' dir='ltr'><strong>egregie</strong></span> <span class='ocrx_word' id='word_1_174' title='bbox 1120 2240 1204 2308; x_wconf 85' lang='lat' dir='ltr'><strong>d0·&#39;</strong></span> 
     </span>
     <span class='ocr_line' id='line_1_25' title="bbox 165 2321 1183 2415; baseline 0 -25"><span class='ocrx_word' id='word_1_175' title='bbox 165 2329 259 2390; x_wconf 75' lang='lat' dir='ltr'><strong>cetur</strong></span> <span class='ocrx_word' id='word_1_176' title='bbox 280 2321 446 2390; x_wconf 81' lang='lat' dir='ltr'><strong>Socratem</strong></span> <span class='ocrx_word' id='word_1_177' title='bbox 472 2347 575 2408; x_wconf 88' lang='lat' dir='ltr'><strong>usque</strong></span> <span class='ocrx_word' id='word_1_178' title='bbox 601 2348 662 2415; x_wconf 90' lang='lat' dir='ltr'><strong>pro</strong></span> <span class='ocrx_word' id='word_1_179' title='bbox 690 2325 812 2392; x_wconf 83' lang='lat' dir='ltr'><strong>viribus</strong></span> <span class='ocrx_word' id='word_1_180' title='bbox 845 2327 888 2391; x_wconf 90' lang='lat' dir='ltr'><strong>ad</strong></span> <span class='ocrx_word' id='word_1_181' title='bbox 914 2348 1074 2391; x_wconf 89' lang='lat' dir='ltr'><strong>summum</strong></span> <span class='ocrx_word' id='word_1_182' title='bbox 1100 2325 1183 2390; x_wconf 90' lang='lat' dir='ltr'><strong>illud</strong></span> 
     </span>
    </p>
   </div>
   <div class='ocr_carea' id='block_1_3' title="bbox 165 2408 1181 2561">
    <p class='ocr_par' dir='ltr' id='par_1_3' title="bbox 165 2408 1181 2561">
     <span class='ocr_line' id='line_1_26' title="bbox 165 2408 1181 2561; baseline 0.002 -88"><span class='ocrx_word' id='word_1_183' title='bbox 165 2408 282 2492; x_wconf 87' lang='lat' dir='ltr'><strong>amoris</strong></span> <span class='ocrx_word' id='word_1_184' title='bbox 292 2408 472 2561; x_wconf 85' lang='lat' dir='ltr'><strong>philosophi</strong></span> <span class='ocrx_word' id='word_1_185' title='bbox 482 2410 648 2497; x_wconf 82' lang='lat' dir='ltr'><strong>fastigium</strong></span> <span class='ocrx_word' id='word_1_186' title='bbox 658 2409 861 2476; x_wconf 87' lang='lat' dir='ltr'><strong>contendisse</strong></span> <span class='ocrx_word' id='word_1_187' title='bbox 872 2420 968 2494; x_wconf 89' lang='lat' dir='ltr'><strong>atque</strong></span> <span class='ocrx_word' id='word_1_188' title='bbox 978 2410 1065 2475; x_wconf 90' lang='lat' dir='ltr'><strong>illam</strong></span> <span class='ocrx_word' id='word_1_189' title='bbox 1075 2409 1181 2560; x_wconf 65' lang='lat' dir='ltr'><strong>ippam</strong></span> 
     </span>
    </p>
   </div>
   <div class='ocr_carea' id='block_1_4' title="bbox 161 2492 1183 2679">
    <p class='ocr_par' dir='ltr' id='par_1_4' title="bbox 161 2492 1183 2679">
     <span class='ocr_line' id='line_1_27' title="bbox 161 2492 1181 2578; baseline 0.003 -21"><span class='ocrx_word' id='word_1_190' title='bbox 161 2493 196 2573; x_wconf 85' lang='lat' dir='ltr'><strong>in</strong></span> <span class='ocrx_word' id='word_1_191' title='bbox 217 2492 352 2571; x_wconf 80' lang='lat' dir='ltr'><strong>amando</strong></span> <span class='ocrx_word' id='word_1_192' title='bbox 373 2515 412 2560; x_wconf 90' lang='lat' dir='ltr'><strong>su</strong></span> <span class='ocrx_word' id='word_1_193' title='bbox 434 2495 602 2559; x_wconf 80' lang='lat' dir='ltr'><strong>limitatam</strong></span> <span class='ocrx_word' id='word_1_194' title='bbox 623 2505 794 2578; x_wconf 89' lang='lat' dir='ltr'><strong>sequutum</strong></span> <span class='ocrx_word' id='word_1_195' title='bbox 814 2516 895 2571; x_wconf 88' lang='lat' dir='ltr'><strong>esse,</strong></span> <span class='ocrx_word' id='word_1_196' title='bbox 922 2514 1019 2576; x_wconf 87' lang='lat' dir='ltr'><strong>quam</strong></span> <span class='ocrx_word' id='word_1_197' title='bbox 1039 2493 1074 2557; x_wconf 91' lang='lat' dir='ltr'><strong>in</strong></span> <span class='ocrx_word' id='word_1_198' title='bbox 1129 2493 1181 2561; x_wconf 93' lang='lat' dir='ltr'><strong>io-</strong></span> 
     </span>
     <span class='ocr_line' id='line_1_28' title="bbox 163 2577 1183 2679; baseline 0.002 -37"><span class='ocrx_word' id='word_1_199' title='bbox 163 2577 260 2643; x_wconf 88' lang='lat' dir='ltr'><strong>timae</strong></span> <span class='ocrx_word' id='word_1_200' title='bbox 282 2579 423 2645; x_wconf 90' lang='lat' dir='ltr'><strong>oratione</strong></span> <span class='ocrx_word' id='word_1_201' title='bbox 444 2579 668 2679; x_wconf 85' lang='lat' dir='ltr'><strong>adumbratam</strong></span> <span class='ocrx_word' id='word_1_202' title='bbox 687 2578 835 2678; x_wconf 87' lang='lat' dir='ltr'><strong>legimus.</strong></span> <span class='ocrx_word' id='word_1_203' title='bbox 857 2577 912 2643; x_wconf 87' lang='lat' dir='ltr'><strong>Ab</strong></span> <span class='ocrx_word' id='word_1_204' title='bbox 933 2578 994 2643; x_wconf 88' lang='lat' dir='ltr'><strong>hac</strong></span> <span class='ocrx_word' id='word_1_205' title='bbox 1011 2601 1088 2644; x_wconf 82' lang='lat' dir='ltr'><strong>vero</strong></span> <span class='ocrx_word' id='word_1_206' title='bbox 1103 2595 1183 2644; x_wconf 87' lang='lat' dir='ltr'><strong>con-</strong></span> 
     </span>
    </p>
   </div>
   <div class='ocr_carea' id='block_1_5' title="bbox 129 2661 1181 2750">
    <p class='ocr_par' dir='ltr' id='par_1_5' title="bbox 129 2661 1181 2750">
     <span class='ocr_line' id='line_1_29' title="bbox 129 2661 1181 2750; baseline 0.002 -22"><span class='ocrx_word' id='word_1_207' title='bbox 129 2680 144 2687; x_wconf 81' lang='lat'><strong>·</strong></span> <span class='ocrx_word' id='word_1_208' title='bbox 161 2662 313 2730; x_wconf 91' lang='lat' dir='ltr'><strong>tinentiae</strong></span> <span class='ocrx_word' id='word_1_209' title='bbox 341 2674 439 2749; x_wconf 89' lang='lat' dir='ltr'><strong>atque</strong></span> <span class='ocrx_word' id='word_1_210' title='bbox 466 2674 696 2750; x_wconf 77' lang='lat' dir='ltr'><strong>temperantiae</strong></span> <span class='ocrx_word' id='word_1_211' title='bbox 723 2688 757 2728; x_wconf 91' lang='grc'><strong>10</strong></span> <span class='ocrx_word' id='word_1_212' title='bbox 780 2661 913 2730; x_wconf 88' lang='lat' dir='ltr'><strong>Socrate</strong></span> <span class='ocrx_word' id='word_1_213' title='bbox 940 2663 1094 2730; x_wconf 89' lang='lat' dir='ltr'><strong>elucentis</strong></span> <span class='ocrx_word' id='word_1_214' title='bbox 1122 2664 1181 2730; x_wconf 92' lang='lat' dir='ltr'><strong>de·</strong></span> 
     </span>
    </p>
   </div>
   <div class='ocr_carea' id='block_1_6' title="bbox 161 2748 1292 2848">
    <p class='ocr_par' dir='ltr' id='par_1_6' title="bbox 161 2748 1292 2848">
     <span class='ocr_line' id='line_1_30' title="bbox 161 2748 1292 2848; baseline 0.001 -35"><span class='ocrx_word' id='word_1_215' title='bbox 161 2748 333 2834; x_wconf 87' lang='lat' dir='ltr'><strong>scriptione</strong></span> <span class='ocrx_word' id='word_1_216' title='bbox 360 2749 461 2814; x_wconf 89' lang='lat' dir='ltr'><strong>facilis</strong></span> <span class='ocrx_word' id='word_1_217' title='bbox 487 2772 565 2816; x_wconf 89' lang='lat' dir='ltr'><strong>sane</strong></span> <span class='ocrx_word' id='word_1_218' title='bbox 591 2758 686 2833; x_wconf 81' lang='lat' dir='ltr'><strong>atque</strong></span> <span class='ocrx_word' id='word_1_219' title='bbox 714 2749 938 2848; x_wconf 81' lang='lat' dir='ltr'><strong>percommode</strong></span> <span class='ocrx_word' id='word_1_220' title='bbox 965 2759 1015 2815; x_wconf 91' lang='lat' dir='ltr'><strong>est</strong></span> <span class='ocrx_word' id='word_1_221' title='bbox 1035 2748 1181 2814; x_wconf 87' lang='lat' dir='ltr'><strong>transitio</strong></span> <span class='ocrx_word' id='word_1_222' title='bbox 1287 2794 1292 2800; x_wconf 88' lang='lat'><em>-</em></span> 
     </span>
    </p>
   </div>
   <div class='ocr_carea' id='block_1_7' title="bbox 159 2832 1180 3170">
    <p class='ocr_par' dir='ltr' id='par_1_7' title="bbox 159 2832 1180 3170">
     <span class='ocr_line' id='line_1_31' title="bbox 159 2832 1180 2920; baseline 0.002 -24"><span class='ocrx_word' id='word_1_223' title='bbox 159 2832 204 2897; x_wconf 89' lang='lat' dir='ltr'><strong>ad</strong></span> <span class='ocrx_word' id='word_1_224' title='bbox 223 2832 472 2918; x_wconf 87' lang='lat' dir='ltr'><strong>praedicandam</strong></span> <span class='ocrx_word' id='word_1_225' title='bbox 492 2833 563 2899; x_wconf 89' lang='lat' dir='ltr'><strong>eius</strong></span> <span class='ocrx_word' id='word_1_226' title='bbox 584 2833 810 2910; x_wconf 79' lang='lat' dir='ltr'><strong>fortitudinem,</strong></span> <span class='ocrx_word' id='word_1_227' title='bbox 832 2834 915 2920; x_wconf 88' lang='lat' dir='ltr'><strong>quae</strong></span> <span class='ocrx_word' id='word_1_228' title='bbox 935 2855 1006 2898; x_wconf 91' lang='lat' dir='ltr'><strong>eam</strong></span> <span class='ocrx_word' id='word_1_229' title='bbox 1018 2833 1124 2919; x_wconf 88' lang='lat' dir='ltr'><strong>ipsam</strong></span> <span class='ocrx_word' id='word_1_230' title='bbox 1137 2833 1180 2898; x_wconf 94' lang='lat' dir='ltr'><strong>ob</strong></span> 
     </span>
     <span class='ocr_line' id='line_1_32' title="bbox 162 2917 1179 3002; baseline 0 -22"><span class='ocrx_word' id='word_1_231' title='bbox 162 2938 310 2981; x_wconf 85' lang='lat' dir='ltr'><strong>caussam</strong></span> <span class='ocrx_word' id='word_1_232' title='bbox 319 2917 387 2983; x_wconf 88' lang='lat' dir='ltr'><strong>iam</strong></span> <span class='ocrx_word' id='word_1_233' title='bbox 401 2940 434 3002; x_wconf 90' lang='lat' dir='ltr'><strong>p.</strong></span> <span class='ocrx_word' id='word_1_234' title='bbox 450 2918 522 2981; x_wconf 79' lang='lat'><strong>219.</strong></span> <span class='ocrx_word' id='word_1_235' title='bbox 535 2917 580 2980; x_wconf 93' lang='lat' dir='ltr'><strong>D.</strong></span> <span class='ocrx_word' id='word_1_236' title='bbox 602 2941 667 2983; x_wconf 88' lang='lat' dir='ltr'><strong>una</strong></span> <span class='ocrx_word' id='word_1_237' title='bbox 688 2941 761 2983; x_wconf 92' lang='lat' dir='ltr'><strong>cum</strong></span> <span class='ocrx_word' id='word_1_238' title='bbox 784 2918 964 3001; x_wconf 79' lang='grc' dir='ltr'>σωφροσύνῃ</span> <span class='ocrx_word' id='word_1_239' title='bbox 987 2939 1179 2983; x_wconf 88' lang='lat' dir='ltr'><strong>commemo-</strong></span> 
     </span>
     <span class='ocr_line' id='line_1_33' title="bbox 161 2998 1178 3085; baseline 0 -23"><span class='ocrx_word' id='word_1_240' title='bbox 161 3009 261 3063; x_wconf 89' lang='lat' dir='ltr'><strong>ratur.</strong></span> <span class='ocrx_word' id='word_1_241' title='bbox 293 2998 468 3064; x_wconf 87' lang='lat' dir='ltr'><strong>Enimvero</strong></span> <span class='ocrx_word' id='word_1_242' title='bbox 495 3001 551 3085; x_wconf 88' lang='lat' dir='ltr'><strong>qui</strong></span> <span class='ocrx_word' id='word_1_243' title='bbox 576 3000 764 3069; x_wconf 84' lang='lat' dir='ltr'><strong>iracundam</strong></span> <span class='ocrx_word' id='word_1_244' title='bbox 789 3000 887 3063; x_wconf 88' lang='lat' dir='ltr'><strong>animi</strong></span> <span class='ocrx_word' id='word_1_245' title='bbox 907 3011 1032 3082; x_wconf 85' lang='lat' dir='ltr'><strong>partem</strong></span> <span class='ocrx_word' id='word_1_246' title='bbox 1055 3000 1124 3065; x_wconf 88' lang='lat' dir='ltr'><strong>sive</strong></span> <span class='ocrx_word' id='word_1_247' title='bbox 1145 3002 1178 3062; x_wconf 75' lang='grc' dir='ltr'><strong>τὸ</strong></span> 
     </span>
     <span class='ocr_line' id='line_1_34' title="bbox 161 3081 1178 3170; baseline 0.004 -26"><span class='ocrx_word' id='word_1_248' title='bbox 161 3083 285 3164; x_wconf 76' lang='grc' dir='ltr'>θυμικὸν</span> <span class='ocrx_word' id='word_1_249' title='bbox 307 3083 353 3159; x_wconf 85' lang='lat' dir='ltr'><strong>ita</strong></span> <span class='ocrx_word' id='word_1_250' title='bbox 374 3082 620 3169; x_wconf 67' lang='lat' dir='ltr'><strong>cohibet&#39;regit</strong></span> <span class='ocrx_word' id='word_1_251' title='bbox 639 3106 678 3150; x_wconf 87' lang='lat' dir='ltr'><strong>ac</strong></span> <span class='ocrx_word' id='word_1_252' title='bbox 698 3081 890 3159; x_wconf 88' lang='lat' dir='ltr'><strong>moderatur,</strong></span> <span class='ocrx_word' id='word_1_253' title='bbox 911 3092 949 3146; x_wconf 88' lang='lat' dir='ltr'><strong>ut</strong></span> <span class='ocrx_word' id='word_1_254' title='bbox 970 3083 1087 3147; x_wconf 88' lang='lat' dir='ltr'><strong>rationi</strong></span> <span class='ocrx_word' id='word_1_255' title='bbox 1107 3084 1178 3170; x_wconf 90' lang='lat' dir='ltr'><strong>opi·</strong></span> 
     </span>
    </p>
   </div>
   <div class='ocr_carea' id='block_1_8' title="bbox 162 3166 1278 3253">
    <p class='ocr_par' dir='ltr' id='par_1_8' title="bbox 162 3166 1278 3253">
     <span class='ocr_line' id='line_1_35' title="bbox 162 3166 1278 3253; baseline 0.003 -24"><span class='ocrx_word' id='word_1_256' title='bbox 162 3167 281 3231; x_wconf 90' lang='lat' dir='ltr'><strong>tuletur</strong></span> <span class='ocrx_word' id='word_1_257' title='bbox 310 3167 443 3250; x_wconf 89' lang='lat' dir='ltr'><strong>eiusque</strong></span> <span class='ocrx_word' id='word_1_258' title='bbox 469 3177 643 3253; x_wconf 87' lang='lat' dir='ltr'><strong>praecepta</strong></span> <span class='ocrx_word' id='word_1_259' title='bbox 670 3176 799 3232; x_wconf 88' lang='lat' dir='ltr'><strong>strenue</strong></span> <span class='ocrx_word' id='word_1_260' title='bbox 827 3175 964 3244; x_wconf 82' lang='lat' dir='ltr'><strong>tutetur„</strong></span> <span class='ocrx_word' id='word_1_261' title='bbox 985 3166 1014 3231; x_wconf 90' lang='grc'><strong>10</strong></span> <span class='ocrx_word' id='word_1_262' title='bbox 1034 3166 1181 3235; x_wconf 88' lang='lat' dir='ltr'><strong>Platonis</strong></span> <span class='ocrx_word' id='word_1_263' title='bbox 1277 3176 1278 3181; x_wconf 76' lang='grc'>’</span> 
     </span>
    </p>
   </div>
   <div class='ocr_carea' id='block_1_9' title="bbox 103 3250 1200 4100">
    <p class='ocr_par' dir='ltr' id='par_1_9' title="bbox 103 3250 1200 4100">
     <span class='ocr_line' id='line_1_36' title="bbox 162 3250 1179 3338; baseline 0.002 -22"><span class='ocrx_word' id='word_1_264' title='bbox 162 3251 321 3318; x_wconf 88' lang='lat' dir='ltr'><strong>sententia</strong></span> <span class='ocrx_word' id='word_1_265' title='bbox 346 3251 436 3317; x_wconf 89' lang='lat' dir='ltr'><strong>fortis</strong></span> <span class='ocrx_word' id='word_1_266' title='bbox 464 3262 513 3316; x_wconf 88' lang='lat' dir='ltr'><strong>est</strong></span> <span class='ocrx_word' id='word_1_267' title='bbox 538 3260 634 3335; x_wconf 88' lang='lat' dir='ltr'><strong>atque</strong></span> <span class='ocrx_word' id='word_1_268' title='bbox 654 3250 894 3336; x_wconf 85' lang='lat' dir='ltr'><strong>magnanimus3</strong></span> <span class='ocrx_word' id='word_1_269' title='bbox 922 3250 963 3317; x_wconf 91' lang='lat' dir='ltr'><strong>de</strong></span> <span class='ocrx_word' id='word_1_270' title='bbox 990 3273 1055 3336; x_wconf 86' lang='lat' dir='ltr'><strong>qua</strong></span> <span class='ocrx_word' id='word_1_271' title='bbox 1074 3252 1179 3338; x_wconf 93' lang='lat' dir='ltr'><strong>philo·</strong></span> 
     </span>
     <span class='ocr_line' id='line_1_37' title="bbox 163 3335 1179 3422; baseline 0.002 -21"><span class='ocrx_word' id='word_1_272' title='bbox 163 3336 255 3422; x_wconf 89' lang='lat' dir='ltr'><strong>sophi</strong></span> <span class='ocrx_word' id='word_1_273' title='bbox 284 3335 440 3402; x_wconf 86' lang='lat' dir='ltr'><strong>sententia</strong></span> <span class='ocrx_word' id='word_1_274' title='bbox 470 3335 620 3403; x_wconf 89' lang='lat' dir='ltr'><strong>inlibris</strong></span> <span class='ocrx_word' id='word_1_275' title='bbox 648 3336 688 3402; x_wconf 94' lang='lat' dir='ltr'><strong>de</strong></span> <span class='ocrx_word' id='word_1_276' title='bbox 715 3335 836 3422; x_wconf 85' lang='lat' dir='ltr'><strong>optima</strong></span> <span class='ocrx_word' id='word_1_277' title='bbox 862 3335 993 3407; x_wconf 88' lang='lat' dir='ltr'><strong>civitate·</strong></span> <span class='ocrx_word' id='word_1_278' title='bbox 1015 3338 1064 3402; x_wconf 88' lang='lat' dir='ltr'><strong>ele</strong></span> <span class='ocrx_word' id='word_1_279' title='bbox 1088 3348 1179 3403; x_wconf 91' lang='lat' dir='ltr'><strong>anter</strong></span> 
     </span>
     <span class='ocr_line' id='line_1_38' title="bbox 162 3419 1179 3508; baseline 0.002 -22"><span class='ocrx_word' id='word_1_280' title='bbox 162 3421 322 3506; x_wconf 86' lang='lat' dir='ltr'><strong>explicata</strong></span> <span class='ocrx_word' id='word_1_281' title='bbox 348 3420 582 3506; x_wconf 86' lang='lat' dir='ltr'><strong>disputavimus</strong></span> <span class='ocrx_word' id='word_1_282' title='bbox 607 3421 759 3508; x_wconf 85' lang='lat' dir='ltr'><strong>Prolegg.</strong></span> <span class='ocrx_word' id='word_1_283' title='bbox 786 3420 828 3485; x_wconf 87' lang='lat' dir='ltr'><strong>ad</strong></span> <span class='ocrx_word' id='word_1_284' title='bbox 853 3419 968 3486; x_wconf 85' lang='lat' dir='ltr'><strong>Rem.</strong></span> <span class='ocrx_word' id='word_1_285' title='bbox 995 3444 1028 3506; x_wconf 89' lang='lat' dir='ltr'><strong>p.</strong></span> <span class='ocrx_word' id='word_1_286' title='bbox 1086 3421 1179 3488; x_wconf 90' lang='lat' dir='ltr'><strong>XXI</strong></span> 
     </span>
     <span class='ocr_line' id='line_1_39' title="bbox 133 3443 1179 3593; baseline 0.003 -24"><span class='ocrx_word' id='word_1_287' title='bbox 133 3527 232 3590; x_wconf 80' lang='lat' dir='ltr'><strong>,sqq.</strong></span> <span class='ocrx_word' id='word_1_288' title='bbox 275 3502 382 3587; x_wconf 83' lang='lat' dir='ltr'><strong>Quam</strong></span> <span class='ocrx_word' id='word_1_289' title='bbox 409 3505 542 3591; x_wconf 90' lang='lat' dir='ltr'><strong>quidem</strong></span> <span class='ocrx_word' id='word_1_290' title='bbox 568 3506 720 3572; x_wconf 88' lang='lat' dir='ltr'><strong>virtutem</strong></span> <span class='ocrx_word' id='word_1_291' title='bbox 752 3504 847 3570; x_wconf 88' lang='lat' dir='ltr'><strong>etiam</strong></span> <span class='ocrx_word' id='word_1_292' title='bbox 873 3443 1018 3593; x_wconf 76' lang='lat' dir='ltr'><strong>perlbcto</strong></span> <span class='ocrx_word' id='word_1_293' title='bbox 1046 3506 1179 3572; x_wconf 87' lang='lat' dir='ltr'><strong>amatori</strong></span> 
     </span>
     <span class='ocr_line' id='line_1_40' title="bbox 161 3589 1179 3679; baseline 0.004 -26"><span class='ocrx_word' id='word_1_294' title='bbox 161 3590 323 3677; x_wconf 88' lang='lat' dir='ltr'><strong>propriam</strong></span> <span class='ocrx_word' id='word_1_295' title='bbox 345 3611 417 3655; x_wconf 88' lang='grc'><strong>0000</strong></span> <span class='ocrx_word' id='word_1_296' title='bbox 438 3599 596 3676; x_wconf 88' lang='lat' dir='ltr'><strong>oportere,</strong></span> <span class='ocrx_word' id='word_1_297' title='bbox 618 3589 653 3655; x_wconf 96' lang='lat' dir='ltr'><strong>id</strong></span> <span class='ocrx_word' id='word_1_298' title='bbox 675 3601 757 3655; x_wconf 79' lang='lat' dir='ltr'><strong>vero‘</strong></span> <span class='ocrx_word' id='word_1_299' title='bbox 770 3613 863 3656; x_wconf 92' lang='lat' dir='ltr'><strong>nemo</strong></span> <span class='ocrx_word' id='word_1_300' title='bbox 883 3590 1027 3679; x_wconf 89' lang='lat' dir='ltr'><strong>negabit,</strong></span> <span class='ocrx_word' id='word_1_301' title='bbox 1050 3593 1106 3675; x_wconf 91' lang='lat' dir='ltr'><strong>qui</strong></span> <span class='ocrx_word' id='word_1_302' title='bbox 1119 3615 1179 3677; x_wconf 87' lang='lat' dir='ltr'><strong>per</strong></span> 
     </span>
     <span class='ocr_line' id='line_1_41' title="bbox 162 3674 1179 3762; baseline 0.002 -23"><span class='ocrx_word' id='word_1_303' title='bbox 162 3695 234 3740; x_wconf 83' lang='lat' dir='ltr'><strong>eam</strong></span> <span class='ocrx_word' id='word_1_304' title='bbox 260 3674 473 3741; x_wconf 89' lang='lat' dir='ltr'><strong>continentiae</strong></span> <span class='ocrx_word' id='word_1_305' title='bbox 500 3685 596 3760; x_wconf 89' lang='lat' dir='ltr'><strong>atque</strong></span> <span class='ocrx_word' id='word_1_306' title='bbox 624 3675 852 3762; x_wconf 89' lang='lat' dir='ltr'><strong>temperantiae</strong></span> <span class='ocrx_word' id='word_1_307' title='bbox 875 3674 969 3761; x_wconf 86' lang='lat' dir='ltr'><strong>quasi</strong></span> <span class='ocrx_word' id='word_1_308' title='bbox 994 3675 1061 3740; x_wconf 88' lang='lat' dir='ltr'><strong>vim</strong></span> <span class='ocrx_word' id='word_1_309' title='bbox 1086 3698 1179 3741; x_wconf 86' lang='lat' dir='ltr'><strong>suam</strong></span> 
     </span>
     <span class='ocr_line' id='line_1_42' title="bbox 135 3758 1177 3847; baseline -0.001 -22"><span class='ocrx_word' id='word_1_310' title='bbox 135 3820 140 3825; x_wconf 90' lang='lat'><strong>.</strong></span> <span class='ocrx_word' id='word_1_311' title='bbox 162 3767 258 3841; x_wconf 86' lang='lat' dir='ltr'><strong>atque</strong></span> <span class='ocrx_word' id='word_1_312' title='bbox 278 3759 379 3825; x_wconf 87' lang='lat' dir='ltr'><strong>robur</strong></span> <span class='ocrx_word' id='word_1_313' title='bbox 400 3760 553 3826; x_wconf 88' lang='lat' dir='ltr'><strong>accedere</strong></span> <span class='ocrx_word' id='word_1_314' title='bbox 574 3783 608 3824; x_wconf 91' lang='lat' dir='ltr'><strong>re</strong></span> <span class='ocrx_word' id='word_1_315' title='bbox 631 3760 779 3826; x_wconf 88' lang='lat' dir='ltr'><strong>utaverit.</strong></span> <span class='ocrx_word' id='word_1_316' title='bbox 800 3759 915 3844; x_wconf 86' lang='lat' dir='ltr'><strong>Itaque</strong></span> <span class='ocrx_word' id='word_1_317' title='bbox 929 3758 1177 3847; x_wconf 81' lang='lat' dir='ltr'><strong>prudentissime</strong></span> 
     </span>
     <span class='ocr_line' id='line_1_43' title="bbox 160 3839 1177 3924; baseline -0.002 -16"><span class='ocrx_word' id='word_1_318' title='bbox 160 3839 345 3910; x_wconf 85' lang='lat' dir='ltr'><strong>Alcibiades</strong></span> <span class='ocrx_word' id='word_1_319' title='bbox 366 3844 581 3911; x_wconf 89' lang='lat' dir='ltr'><strong>laudationem</strong></span> <span class='ocrx_word' id='word_1_320' title='bbox 623 3844 739 3910; x_wconf 86' lang='lat' dir='ltr'><strong>ceratis</strong></span> <span class='ocrx_word' id='word_1_321' title='bbox 759 3844 807 3911; x_wconf 89' lang='lat' dir='ltr'><strong>ita</strong></span> <span class='ocrx_word' id='word_1_322' title='bbox 825 3844 906 3923; x_wconf 88' lang='lat' dir='ltr'><strong>finit,</strong></span> <span class='ocrx_word' id='word_1_323' title='bbox 927 3853 965 3909; x_wconf 92' lang='lat' dir='ltr'><strong>ut</strong></span> <span class='ocrx_word' id='word_1_324' title='bbox 982 3842 1110 3924; x_wconf 87' lang='lat' dir='ltr'><strong>copiose</strong></span> <span class='ocrx_word' id='word_1_325' title='bbox 1123 3863 1177 3906; x_wconf 91' lang='lat' dir='ltr'><strong>or·</strong></span> 
     </span>
     <span class='ocr_line' id='line_1_44' title="bbox 103 3922 1200 4014; baseline 0.002 -23"><span class='ocrx_word' id='word_1_326' title='bbox 103 3956 111 3967; x_wconf 83' lang='grc'><em>·</em></span> <span class='ocrx_word' id='word_1_327' title='bbox 161 3937 300 4012; x_wconf 82' lang='lat' dir='ltr'><strong>nataque</strong></span> <span class='ocrx_word' id='word_1_328' title='bbox 322 3939 473 4014; x_wconf 87' lang='lat' dir='ltr'><strong>exponat,</strong></span> <span class='ocrx_word' id='word_1_329' title='bbox 496 3939 614 4014; x_wconf 86' lang='lat' dir='ltr'><strong>quauta</strong></span> <span class='ocrx_word' id='word_1_330' title='bbox 633 3929 687 3996; x_wconf 85' lang='lat' dir='ltr'><strong>ille</strong></span> <span class='ocrx_word' id='word_1_331' title='bbox 709 3952 777 3997; x_wconf 89' lang='lat' dir='ltr'><strong>sem</strong></span> <span class='ocrx_word' id='word_1_332' title='bbox 800 3952 835 3995; x_wconf 86' lang='lat' dir='ltr'><strong>er</strong></span> <span class='ocrx_word' id='word_1_333' title='bbox 854 3926 999 3995; x_wconf 85' lang='lat' dir='ltr'><strong>fueritin</strong></span> <span class='ocrx_word' id='word_1_334' title='bbox 1012 3922 1200 4002; x_wconf 68' lang='grc'><strong>1111111111,</strong></span> 
     </span>
     <span class='ocr_line' id='line_1_45' title="bbox 160 4008 1175 4100; baseline 0 -23"><span class='ocrx_word' id='word_1_335' title='bbox 160 4011 357 4100; x_wconf 74' lang='lat' dir='ltr'><strong>perferendis</strong></span> <span class='ocrx_word' id='word_1_336' title='bbox 378 4015 566 4093; x_wconf 88' lang='lat' dir='ltr'><strong>constantia,</strong></span> <span class='ocrx_word' id='word_1_337' title='bbox 587 4015 623 4082; x_wconf 91' lang='lat' dir='ltr'><strong>in</strong></span> <span class='ocrx_word' id='word_1_338' title='bbox 645 4013 765 4080; x_wconf 88' lang='lat' dir='ltr'><strong>toleran</strong></span> <span class='ocrx_word' id='word_1_339' title='bbox 790 4015 815 4078; x_wconf 84' lang='lat' dir='ltr'><strong>&#39;s</strong></span> <span class='ocrx_word' id='word_1_340' title='bbox 837 4008 996 4080; x_wconf 88' lang='lat' dir='ltr'><strong>aerumnis</strong></span> <span class='ocrx_word' id='word_1_341' title='bbox 1009 4008 1175 4094; x_wconf 81' lang='lat' dir='ltr'><strong>patientia,</strong></span> 
     </span>
    </p>
   </div>
   <div class='ocr_carea' id='block_1_10' title="bbox 0 0 1306 4620">
    <p class='ocr_par' dir='ltr' id='par_1_10' title="bbox 0 0 1306 4620">
     <span class='ocr_line' id='line_1_46' title="bbox 0 0 1306 4620; baseline 0 1"><span class='ocrx_word' id='word_1_342' title='bbox 0 0 1306 4620; x_wconf 95' lang='lat' dir='ltr'><strong> </strong></span> 
     </span>
    </p>
   </div>
  </div>
 </body>
</html>
