2604 4620
233 246 297 292 XIV
606 241 873 291 PROLEGOMENA

275 397 345 463 Iam
365 396 451 463 vices
472 395 604 462 veniunt
624 395 666 460 ad
681 393 856 462 Socratem.
877 393 943 461 Hic
960 394 1157 483 reliquarum
1169 422 1248 471 ora-

232 482 346 561 tiones,
368 504 451 566 quae
471 503 531 547 nec
552 503 593 547 ex
613 481 704 547 firmo
723 480 882 567 principio
903 481 1018 548 ductae
1039 505 1101 550 nec
1115 484 1158 551 ad
1171 509 1246 555 oer-

232 579 298 632 tam
319 567 474 633 rationem
495 566 666 632 adstrictae
694 575 793 644 erant,
820 576 946 633 revocat
974 567 1017 632 ad
1043 568 1246 639 dialecticum

232 674 375 731 acumen,
397 663 430 717 et
450 651 543 718 solita
558 651 693 735 εἰρωνείᾳ
706 650 840 717 orditur.
867 651 983 730 Video,
1005 651 1121 738 inquit,
1144 677 1244 758 quam

232 738 328 803 stulte
351 760 368 802 e
393 736 482 815 erim,
504 760 523 801 ο
544 735 615 813 viri,
638 757 737 820 quum
749 736 916 823 profiterer
936 759 987 802 me
1009 758 1139 824 quoque
1159 752 1243 811 mter

231 845 288 888 vos
314 759 424 887 laudes
450 820 582 887 Amoris
609 820 852 903 celebraturum.
888 816 973 887 Nam
1000 833 1033 889 et
1058 825 1240 914 Agathonia

230 907 498 995 magniloquentia
523 907 569 971 ita
593 905 688 971 modo
739 907 882 973 erculsus
909 929 996 986 sum,
1030 919 1084 989 nt,
1118 911 1147 976 si
1172 912 1240 979 lieri

229 991 397 1078 potuisset,
418 992 477 1057 auf
521 992 627 1069 seem,
647 1012 692 1074 qu
754 1002 828 1078 post
848 1013 921 1057 eum
941 991 1021 1059 nihil
1036 994 1238 1094 dignumve-

230 1076 305 1142 stris
333 1076 464 1143 auribus
490 1100 509 1141 a
533 1087 660 1140 aturum
690 1097 742 1140 me
766 1098 943 1161 sperarem,
976 1089 1009 1143 et
1035 1100 1077 1145 ex
1105 1080 1237 1147 aliorum

230 1161 425 1229 orationibus
453 1160 595 1226 intellexi
621 1182 672 1225 mc
701 1160 799 1226 totius
825 1161 959 1228 rationis
983 1162 1139 1231 laudandi
1167 1186 1237 1233 esse

230 1247 387 1336 ignarum.
409 1245 574 1312 Hactenus
596 1244 680 1311 enim
701 1244 735 1309 in
757 1268 794 1311 eo
816 1257 961 1312 versatus
977 1269 1048 1313 sum
1062 1271 1183 1330 errore,
1203 1262 1239 1318 ut

229 1342 376 1432 putarem
397 1331 595 1397 laudatorem
616 1352 693 1396 vera
713 1340 835 1396 tantum
856 1331 973 1398 debere
987 1354 1177 1418 expromere
1199 1358 1238 1403 cx

228 1418 332 1500 risque
345 1416 536 1503 pulcerrima
549 1414 667 1503 eligere
682 1415 908 1502 eleganterque
921 1419 1144 1502 pronuntiare3
1154 1442 1239 1487 nunc

230 1524 305 1566 vero
333 1523 369 1566 co
393 1500 469 1565 novi
493 1500 653 1566 laudando
679 1522 804 1566 omnem
826 1502 908 1567 bene
930 1503 1069 1583 dicendi,
1097 1505 1239 1571 ueritatis

228 1587 348 1651 nullam
409 1585 548 1651 bendam
569 1607 639 1651 esse
660 1585 825 1651 rationem.
847 1583 914 1653 Sed
936 1587 1036 1653 sime
1057 1589 1238 1657 valtismeo

229 1693 316 1737 more
338 1671 495 1736 dicentem
515 1671 637 1749 andire,
666 1669 780 1750 dicam,
806 1681 844 1736 nt
868 1681 991 1757 potem.
1027 1671 1104 1741 Hoc
1123 1696 1200 1741 vero
1218 1698 1239 1740 a

229 1767 272 1835 te,
299 1755 456 1834 Phaedre,
484 1755 539 1840 qui
560 1755 656 1822 huius
678 1756 831 1822 sermonis
852 1767 965 1823 auctor
986 1778 1022 1824 es
1043 1768 1077 1824 et
1095 1782 1237 1847 praeses,

227 1851 311 1990 peto,
333 1851 370 1906 ut
390 1840 468 1907 mihi
481 1840 689 1930 Agathonem
709 1840 850 1908 breviter
870 1841 1029 1925 quaedam
1042 1843 1237 1930 interrogare

238 1926 331 2005 iccat,
362 1937 409 2005 ut,
431 1949 530 2012 quum
545 1926 585 1991 de
599 1924 767 2012 principiis
787 1925 871 1992 inter
890 1948 950 1993 nos
972 1928 1161 2006 convenerit,
1184 1939 1234 1993 to-

228 2023 294 2076 tam
314 2011 389 2077 inde
410 2034 512 2076 meam
534 2009 781 2096 disputationem
802 2010 926 2077 ducam.
956 2011 1028 2081 Tuo
1041 2012 1168 2097 quidem
1179 2034 1232 2077 ar·

178 2150 181 2155 .
227 2095 356 2175 bitratu,
380 2093 572 2174 oSocrates‚
594 2095 699 2195 inquit
711 2094 889 2162 Phaedrus.
910 2096 1024 2183 Atqui,
1037 2097 1082 2163 mi
1094 2096 1236 2185 Agatho,

229 2203 329 2265 quum
353 2180 435 2249 bene
464 2179 652 2267 dispertiistr
680 2181 854 2247 orationem
885 2191 974 2249 tuam
1004 2182 1169 2262 bifariam,
1199 2191 1238 2249 ut

226 2265 364 2351 primum
391 2265 529 2344 diceres,
564 2266 665 2349 qualis
687 2267 728 2331 sit
754 2265 824 2416 ipse
846 2267 959 2347 Amor,
989 2268 1105 2334 deinde
1131 2267 1238 2352 qualia

227 2350 296 2416 eius
319 2350 384 2416 sint
405 2373 424 2415 o
448 2373 512 2430 era,
535 2359 603 2416 turn
624 2374 694 2416 eam
715 2374 771 2416 ver
793 2351 822 2417 is
836 2375 874 2418 ac
889 2353 1054 2419 sententiis
1067 2352 1239 2441 magnifice

228 2437 399 2501 exornasti.
464 2459 486 2500 u
506 2435 606 2525 igitur
627 2436 688 2502 hcc
708 2436 786 2502 mihi
813 2437 912 2517 dicas,
939 2437 1041 2505 Amor
1067 2437 1150 2504 sitne
1176 2437 1238 2501 ali·

228 2522 319 2586 cuius
345 2521 404 2600 rei,
432 2545 473 2586 an
498 2521 628 2587 nullius.
664 2521 739 2589 Hoc
759 2533 868 2588 autem
889 2523 976 2590 volox
1022 2545 1099 2585 uum
1123 2543 1237 2587 omnes

226 2628 278 2672 res
300 2607 352 2671 vel
372 2629 431 2692 per
453 2628 486 2671 se
507 2605 597 2692 ipsae
618 2606 847 2695 intelligantur,
870 2607 922 2674 vel
941 2608 982 2673 ad
1034 2605 1079 2670 'as
1091 2605 1237 2670 referan-

227 2703 289 2767 tur,
311 2700 357 2755 ex
372 2712 507 2774 quarum
528 2714 647 2778 genere
669 2692 711 2758 sit
730 2692 854 2758 Amor?
879 2704 916 2759 ut
935 2700 1064 2778 patrem.
1077 2713 1111 2755 v.
1133 2712 1162 2755 c.
1185 2690 1236 2753 di-

227 2775 328 2841 cimus
340 2798 420 2851 ¹esse
440 2775 498 2840 filii
519 2777 571 2841 vel
590 2777 689 2843 filiae:
713 2787 746 2843 et
766 2779 864 2844 frater
886 2786 934 2845 est
946 2775 988 2842 ob
1002 2796 1072 2841 cam
1086 2796 1237 2839 caussam

227 2861 336 2941 frater,
360 2861 446 2946 quod
467 2861 599 2927 fratrem
621 2862 672 2927 vel
694 2885 834 2928 sororem
855 2861 961 2930 habet.
983 2859 1044 2926 Ilst
1056 2858 1160 2925 Amor
1173 2858 1236 2925 ali-

228 2947 319 3012 cuius
347 2948 409 3025 rei,
442 2969 460 3012 o
489 2945 651 3013 Socrates.
694 2946 778 3013 Eam
804 2971 882 3014 vero
908 2970 977 3014 rem
1002 2956 1109 3012 utrum
1136 2946 1237 3032 cupit,

226 3036 348 3099 necne?
383 3031 493 3119 Cupit.
527 3031 626 3114 Quod
646 3055 722 3100 vero
744 3035 901 3120 cupimus,
929 3032 1051 3098 illudne
1070 3030 1236 3109 habemus,

226 3143 267 3183 an
288 3142 353 3184 non
374 3118 550 3185 habemus?
584 3117 658 3184 Non
679 3118 844 3198 habemus,
873 3130 910 3184 ut
930 3119 1067 3186 videtur.
1103 3116 1155 3181 Ita
1174 3138 1237 3180 non

227 3203 329 3268 videri
351 3214 490 3282 tantum,
518 3204 574 3270 sed
602 3227 673 3270 esse
699 3227 831 3270 necesse
860 3214 926 3269 est:
954 3227 1029 3268 nam
1047 3201 1141 3286 -quod
1167 3200 1238 3285 quis

226 3288 380 3369 possidet,
402 3289 481 3354 illud
501 3312 566 3354 non
588 3291 676 3376 cupit
683 3315 692 3368 3
722 3300 754 3355 et
776 3290 855 3354 siv.
878 3313 906 3354 c.
930 3288 1099 3354 sanitatem
1123 3306 1237 3372 corpo·

226 3369 271 3432 ris
292 3372 465 3454 possideat,
488 3396 526 3437 ea
548 3374 677 3457 quidem
696 3383 734 3439 ut
753 3374 965 3460 inposterum
979 3382 1138 3459 perpetuo
1152 3372 1238 3436 frua-

227 3464 290 3530 tur,
313 3466 421 3538 potest
442 3480 570 3544 cupere,
596 3482 681 3524 nunc
701 3460 735 3524 in
755 3459 937 3545 praesentia
957 3481 1022 3522 non
1043 3457 1143 3542 cupit,
1171 3454 1237 3530 sed,

227 3537 295 3603 sive
315 3539 394 3603 velit
415 3541 482 3606 sive
505 3544 594 3621 nolit,
617 3566 687 3608 eam
707 3545 867 3631 possidet:
894 3543 1049 3609 Amorem
1071 3564 1147 3607 vero
1169 3560 1239 3605 esse

226 3621 451 3709 pulcritudinis
474 3627 610 3777 tuipse,
632 3627 774 3715 Agatho,
795 3629 937 3696 oratione
960 3639 1016 3693 tua
1037 3626 1157 3691 dixisti.
1192 3622 1239 3687 Et

226 3718 313 3774 recte
335 3707 474 3795 quidem,
497 3734 516 3775 o
566 3724 705 3790 ocrates3
732 3737 806 3780 nam
826 3714 873 3779 ita
895 3736 929 3779 sa
950 3735 1003 3778 res
1024 3712 1132 3777 habet.
1170 3706 1238 3798 Sed

225 3794 327 3862 Amor
348 3818 421 3860 cum
442 3796 550 3896 cupiat
561 3799 828 3945 pulcritudinem,
850 3821 982 3864 necesse
1005 3807 1067 3874 est,
1090 3818 1162 3860 eam
1176 3816 1240 3859 non

226 3881 361 3948 habeat?
396 3880 448 3945 Ita
474 3892 525 3946 srt.
591 3884 714 3949 ulcrum
741 3909 817 3951 vero
845 3908 886 3949 an
913 3907 978 3949 non
1004 3882 1091 3947 idem
1113 3901 1241 3965 quoque

227 3967 346 4034 bonum
361 3970 429 4034 est?
451 3967 512 4032 Est
526 3967 579 4033 ita.
604 3966 703 4034 Caret
716 3970 815 4056 igitur
829 3969 942 4055 pulcro
956 3969 1106 4053 bonoque
1118 3964 1241 4030 Amor?

227 4051 299 4118 Non
322 4065 431 4122 contra
454 4064 484 4120 te
506 4077 636 4141 possum
658 4055 833 4144 disputare,
863 4052 1023 4133 Socrates,
1053 4052 1110 4118 sed
1139 4051 1185 4117 ita
1207 4072 1241 4115 se
