2604 4620
392 264 605 337 niranoo.
628 292 658 354 p.
683 273 755 337 rsa.
778 274 824 337 st.
1039 274 1102 348 rso

82 445 259 533 τετόλμηκε
284 449 367 532 μέγα
395 441 435 514 ὃν
468 441 608 532 σμικρὸν
642 444 742 512 εἶναι·
777 443 821 526 ὡς
845 444 876 513 δ’
909 444 1018 528 οὕτως
1042 450 1099 518 καλ
1177 462 1182 472 ’

81 545 120 617 τὸ
148 543 285 634 σμικρὸν
311 540 350 612 τὸ
376 553 410 613 ἐν
437 542 606 639 ἡμῖνκούκ
640 549 748 613 ἐθέλει
777 551 857 614 ποτὲ
883 556 966 633 μέγα
993 555 1099 635 γίγνο-

82 652 169 716 udus
197 647 276 715 οὐδὲ
304 641 407 725 εἶναι,
435 643 512 712 οὐδὲ
538 640 622 712 ἄλλο
649 644 748 713 οὐδὲν
774 649 840 714 τῶν
866 653 1025 719 ἐναντίων
1051 655 1096 718 ἔτι

81 744 121 817 ὃν
146 745 228 835 ὅπερ
253 737 298 829 ἦν
320 741 402 831 ἅμα
420 743 621 813 τούναντίον
653 751 833 833 γίγνεσθαὶ
859 774 893 815 rs
919 752 974 816 καὶ
1002 745 1097 832 εἶναι,

79 845 152 916 ἀλλ’
184 845 258 930 ἤτοι
285 845 464 934 ἀπέρχεται
489 840 511 928 ἢ
537 843 728 913 ἀπόλλυται
759 854 795 915 ἐν
828 846 936 932 τούτῳ
962 852 1009 935 τῷ
1033 848 1187 926 πα-ῙΜ

79 947 228 1035 &ripam
279 945 526 1027 Παντάπασον,
561 949 625 1038 ἔφη
657 945 677 1013 ὁ
708 950 833 1033 Κέβης,
870 945 956 1017 οὕτω
983 949 1098 1041 φαῖνε·

81 1052 139 1116 ταί
164 1073 233 1133 μοι.

159 1144 242 1241 Cap.
270 1139 328 1216 LI.
380 1148 451 1215 Καί
475 1171 526 1226 τις
551 1145 618 1214 εἷπε
645 1150 712 1214 τῶν
747 1146 924 1235 παρόντων
950 1147 1099 1232 ἀκούσας

82 1286 130 1300 -
148 1246 237 1328 ὅςας
261 1247 292 1314 δ’
323 1237 374 1330 ἦν,
404 1245 446 1315 οὐ
472 1251 589 1338 σαφῶς
606 1254 773 1336 μέμνημαι
793 1287 845 1298 -
871 1245 969 1334 Πρὸς
995 1252 1098 1331 θεῶν,

80 1347 141 1418 οὐκ
163 1357 198 1416 ἐν
225 1360 294 1427 τοῖς
320 1347 474 1435 πρόσθεν
508 1346 587 1434 ἡμῖν
621 1347 734 1433 λόγοις
766 1347 850 1418 αὐτὸ
878 1345 917 1417 τὸ
945 1356 1098 1420 ἐναντίον

80 1451 146 1516 τῶν
176 1454 251 1516 νυνὶ
277 1454 461 1535 λεγομένων
497 1446 720 1535 ὡμολογεῖτο,
752 1457 786 1516 ἐκ
821 1452 883 1518 τοῦ
919 1448 1100 1531 ἐλάττονος

82 1711 153 1762 Flor.
173 1728 196 1763 a.
216 1710 278 1763 Zitt.
290 1709 396 1775 inepte.

150 1779 182 1829 P.
203 1777 263 1831 103.
299 1773 708 1844 ἔντοῖςττρόοθενὴμῖν]
747 1777 816 1827 veta
843 1777 916 1828 editt.
939 1780 1098 1846 ἔμπροσθεν,

82 1847 168 1899 invitis
194 1847 266 1898 iibris
284 1845 389 1910 optimis
409 1843 485 1895 Rodi.
509 1845 566 1897 Vat.
591 1843 659 1896 Tub.
683 1843 763 1897 coisi.
791 1844 854 1897 Ven.
878 1847 901 1896 Ξ
906 1845 942 1896 Π.
966 1848 1043 1898 Vind.
1068 1851 1100 1902 Φ.

81 1916 143 1967 Par.
161 1915 195 1968 G.
217 1919 282 1979 Aug.
299 1913 371 1964 Flor.
389 1912 413 1963 d.
433 1913 498 1963 aliis.
526 1912 580 1964 Pro
598 1909 660 1975 ἡμῖν
679 1917 777 1974 autern,
796 1913 931 1977 quodiam
946 1931 961 1965 a
975 1914 1100 1967 Fischero

83 2000 117 2036 ex
146 1989 213 2048 Aug.
244 1983 393 2033 restitutum
420 1981 571 2033 confirmant
594 1981 651 2032 Vat.
680 1980 753 2034 Vind.
781 1985 813 2036 Φ.
830 1982 896 2045 Par.
920 1983 973 2035 Gi.
1000 1984 1100 2046 Amba,

82 2054 162 2119 vulgo
181 2050 245 2116 ὑμῖν
263 2050 434 2102 scribebatur.

83 2227 164 2284 tem,
192 2218 214 2273 b.
235 2235 259 2271 e.
282 2233 331 2270 nec
357 2219 565 2271 verovellosu-
616 2220 803 2282 contraria,
827 2218 858 2269 in
884 2215 1102 2277 contrarium

79 2288 184 2354 scipere
202 2287 353 2354 parvitatem
379 2303 462 2352 eoque
484 2285 574 2337 modo·
615 2285 718 2337 abire.
752 2284 872 2345 Istudoir
891 2286 917 2337 d’
937 2284 1033 2356 οὕτως,
1050 2307 1099 2358 pro

83 2357 229 2408 aliudesse
249 2370 326 2421 quam
351 2355 422 2420 quod
441 2361 497 2407 erat
520 2370 565 2406 an·
616 2369 668 2418 quo
712 2353 790 2408 codd.
832 2355 937 2419 quidam
980 2357 1101 2418 ὡςαύτος

83 2430 133 2476 tes.
153 2425 238 2479 Quam
253 2425 405 2476 sententiam
420 2438 467 2474 suo
485 2423 566 2490 ipsius
617 2422 746 2486 offerunt,
771 2429 844 2474 extat
866 2426 945 2476 etiam
963 2426 1049 2493 Legg.
1069 2428 1101 2481 V.

84 2491 564 2560 exemptoillustransSocratesdein-
617 2508 642 2558 p.
664 2490 724 2545 7¹29.
743 2494 773 2544 Α.
793 2492 838 2544 lx
860 2507 885 2557 p.
903 2492 964 2548 879.
985 2495 1016 2549 D.
1043 2496 1100 2547 Po·

83 2560 566 2628 cepsadditboctltaegoquum
616 2559 677 2612 litio.
714 2575 740 2625 p.
776 2559 835 2616 310.
869 2561 900 2613 Ι).
949 2561 1099 2630 Xenopin

84 2631 289 2696 susceperim
327 2636 363 2682 ct
403 2629 565 2682 subierim
615 2628 719 2681 Hellen.
738 2627 821 2692 11.2,
846 2628 870 2683 9.
909 2630 1099 2697 Canopiii,

83 2699 286 2768 parvitatem
304 2704 337 2751 et
356 2698 460 2750 adbuc
478 2697 566 2750 idem
615 2695 659 2751 26,
677 2697 788 2764 Eurip.
808 2696 879 2749 Med.
893 2698 953 2754 313.
971 2701 1004 2753 ai.
1032 2701 1099 2753 Τολέ

84 2772 144 2820 sim
170 2768 223 2833 qui
249 2775 358 2832 antea,
386 2767 472 2819 idam
501 2765 572 2817 illo
615 2770 668 2833 μᾶν
688 2765 722 2818 de
748 2768 827 2818 rebus
852 2767 998 2820 inanimatis
1022 2783 1099 2822 usur·

84 2851 204 2902 parvus
234 2851 310 2887 sum.
361 2835 450 2886 iilud
477 2849 565 2886 vero
616 2841 705 2900 patum
744 2836 880 2886 illustravit
908 2837 1096 2892 Gataker.

75 2903 566 2972 „(magnum)nonsustinetpnr-
616 2903 726 2954 Misceii.
752 2903 798 2953 ix.
822 2920 850 2968 p.
875 2902 933 2956 318.
962 2904 1099 2969 etWyt·
1171 2964 1181 2974 ι

86 2987 159 3023 enm
193 2986 286 3034 esse,
322 2971 444 3035 qnippe
474 2985 566 3036 quum
616 2968 774 3023 tenbacb.
793 2969 826 3020 ad
844 2970 868 3023 b.
887 2971 903 3022 Ι.

86 3039 116 3091 id
145 3039 250 3104 ipsius
284 3037 487 3088 adversetur
511 3052 568 3088 na·
652 3037 715 3103 Cap.
739 3036 782 3086 Li.
819 3034 928 3090 P·103.
957 3034 1097 3088 adrird
1181 3066 1185 3075 ι

87 3113 193 3167 turae.
236 3105 307 3156 Tum
332 3119 411 3167 vero,
443 3106 569 3171 explicata
618 3102 871 3154 ἐναντίον-ἐκ
890 3107 1015 3166 τοῦ-1
1034 3104 1101 3158 Ver·

87 3173 266 3240 magnitudinis
295 3175 566 3236 concretaeratione,
617 3174 652 3224 ba
671 3174 697 3220 br
716 3177 765 3220 τοῦ
788 3171 824 3223 ii.
845 3186 928 3236 usque
951 3172 984 3225 ad
1008 3174 1035 3223 br
1051 3179 1102 3225 τῶν

87 3259 166 3310 quum
189 3243 241 3294 iam
268 3236 316 3291 suo
340 3241 420 3306 ipsius
448 3243 568 3305 exenrpio
616 3241 736 3291 isaurius
759 3254 807 3305 per
831 3243 986 3306 epexegesin
1010 3241 1102 3295 addita

46 3358 55 3367 .
85 3312 220 3379 parvitatis
238 3322 341 3375 quoque
364 3310 491 3361 rationem
511 3310 568 3363 obi·
618 3309 873 3374 suntsuperioribus.
892 3308 1105 3369 Praeteritum

86 3390 128 3433 ter
143 3379 323 3446 significaverit
339 3377 483 3444 (pertinent
501 3378 568 3430 enim
618 3376 831 3430 madvertendnm
850 3377 928 3430 etiam
946 3384 1001 3440 est,
1019 3390 1113 3445 quum·

86 3450 178 3502 verba:
206 3446 288 3514 ὥςπερ
312 3447 360 3513 ἐγὼ
379 3446 489 3514 σμικρός
506 3446 567 3510 εἰμι,
617 3445 684 3497 αὐτὸ
705 3444 735 3498 το
755 3447 871 3496 ἐναντίον
892 3447 1013 3514 (gratie
1037 3449 1101 3501 das

86 3516 119 3568 ad
136 3523 302 3582 antegressae
320 3516 465 3567 sententiae
484 3516 568 3580 eapti·
617 3514 847 3581 Gegentbeii)
881 3516 907 3566 in
942 3517 1100 3569 nominativo

87 3586 244 3650 cntionem),
274 3591 361 3636 tamen
387 3584 463 3635 etiam
483 3583 568 3650 parri·
619 3599 681 3634 casu
716 3585 829 3649 positum
862 3585 897 3635 sit
931 3592 1040 3652 propter
1073 3601 1097 3639 v.

87 3653 148 3704 tatis
166 3655 216 3704 vim
236 3653 413 3716 rationemque
437 3652 569 3705 declarare
617 3650 790 3718 ὡμολογεῖτο,
816 3652 910 3704 deinde
936 3656 1013 3706 etiam
1037 3669 1099 3706 con-

87 3720 202 3775 institnit.
226 3721 356 3776 Quocirca
374 3720 485 3786 denique
504 3720 570 3772 baec
619 3722 788 3772 structionem
806 3722 961 3775 nominativo
983 3737 1042 3773 cum
1058 3722 1100 3783 in·

89 3788 240 3854 subiungitr
279 3788 445 3856 pariter
479 3805 568 3843 nero
618 3789 714 3841 finitivo
741 3784 898 3854 continuari,
931 3786 1038 3855 perinde
1068 3802 1100 3838 ac

90 3855 194 3909 etism
214 3855 260 3924 (ὥς
277 3854 405 3938 dmitos
421 3858 474 3917 uui)
492 3874 568 3926 pur·
619 3857 640 3908 si
658 3873 708 3908 non
726 3855 901 3924 ὡμολογεῖτο,
926 3855 974 3906 sed
997 3856 1101 3919 ἐλέγετο

89 3924 567 4062 λλλκλλλλίλλλᾞέἒλέλ
617 3932 884 4060 {tabitam
905 3920 1100 4056 bibitam

92 4061 567 4130 fieriautease,onsuinoquo
617 4060 694 4127 adep.
737 4060 861 4113 ceterum
896 4057 1032 4123 respicitur
1064 4055 1101 4109 sd

90 4129 171 4184 nihii
207 4134 336 4194 eorum,
371 4136 455 4195 qnae
480 4139 567 4184 ,snut
617 4130 753 4197 pidia
774 4140 848 4258 atil*

1074 4324 1145 4335 *a*
