2604 4620
151 247 194 312 ιι
257 326 260 337 ,
521 242 775 309 sunnonis
824 288 836 293 .-

153 413 215 497 da‘c
241 442 274 498 rs
300 416 390 509 σφᾶς
414 412 631 498 ποιήσασθαι
657 419 713 486 καὶ
730 363 889 504 dedendae
913 410 975 484 τὸν
999 411 1088 485 θεὸν
1112 420 1174 487 καὶ

154 511 262 589 τᾶλλα
297 514 339 586 τὰ
373 513 573 606 νομιζόμενα
612 522 798 607 τρέπεσθαι
838 510 923 604 πρὸς
958 511 1020 587 τὸν
1052 514 1174 588 πότον.

91 621 97 643 1
155 617 216 701 τὰν
244 609 305 688 οὖν
329 620 531 688 Παυσανίαν
564 623 626 710 ἔφη
652 615 755 703 λόγον
790 615 944 686 τοιούτου
983 613 1076 698 τινὸς
1110 647 1176 687 κα-

947 715 954 735 Ι

113 752 115 758 ’
154 719 300 808 τάρχειν.
350 717 445 801 Εἶεν,
470 715 604 806 ἄνδρες,
639 717 767 810 φάναι,
793 723 868 786 τίνα
895 743 1022 851 tows
1038 716 1175 812 ,ῥᾷστα

154 819 329 909 deductim
354 817 413 906 lyci
439 823 501 908 μὲν
525 810 588 889 οὖν
612 822 691 903 λέγω
715 816 803 906 ὑμῖν,
826 815 879 886 ὅτι
896 810 951 904 ‘dcl
979 846 996 887 ο
1019 804 1057 886 ri
1077 818 1173 890 πάνυ

152 925 303 1011 χαλεπῶς
328 927 385 1008 ἔχω
411 917 477 990 ὑπὸ
505 924 565 991 τοῦ
588 923 675 1008 χθὲς
709 917 816 990 πότον
849 921 906 987 καὶ
939 921 1051 1007 δέομαι
1079 917 1174 990 οἰνα-

156 1026 267 1119 ψνχῆς
288 1047 395 1103 τινος,
421 1021 574 1109 cinaedi
600 1025 657 1089 καὶ
681 1018 774 1110 ὑμῶν
800 1017 879 1102 τοὺς
903 1018 1064 1101 πολλούς·
1101 1049 1172 1091 οια-

225 1287 257 1339 Ρ.
278 1286 335 1342 176.
370 1287 408 1358 ῥα
415 1305 476 1337 στα
494 1284 672 1351 codretum]
691 1285 722 1337 V.
741 1284 834 1350 ἥδιστα
852 1284 991 1352 ιιιώμιθας
1010 1286 1063 1336 Pro
1075 1284 1170 1350 ἥδιστα

156 1355 233 1409 Bodl.
251 1353 352 1409 vatal
381 1361 408 1408 et
425 1356 501 1408 codd.
522 1355 610 1420 reliqui
638 1354 844 1425 omnesdqinm,
870 1361 899 1405 ut
924 1370 984 1406 mox
1007 1356 1115 1407 iteratur
1132 1355 1169 1416 ὥς

154 1427 237 1495 ῥᾷστα
255 1426 380 1490 πίνοιμεν.
418 1424 459 1477 Ad
481 1441 557 1489 quem
582 1426 666 1474 locum
690 1423 771 1475 schol.
796 1424 905 1493 ῥᾷστα
926 1423 962 1474 τὸ
989 1421 1107 1487 ἥδιστα
1126 1428 1168 1476 ἐι-

154 1498 248 1544 ταῦθα
275 1495 399 1557 σημαίνει
441 1495 533 1558 ltaque
555 1493 617 1543 illud
642 1490 734 1555 ἥδιστα
756 1509 788 1544 en
811 1494 971 1558 glossemate
993 1492 1095 1544 videtur
1118 1496 1167 1546 llu-

155 1563 234 1616 xisse.
270 1563 414 1626 Utrumque
432 1560 537 1626 ιῖδιαιον
556 1561 600 1611 καὶ
621 1562 716 1631 ῥᾷστον
739 1563 871 1613 coniunxit
888 1562 990 1626 Dionys.
1011 1562 1070 1616 Hal.
1091 1562 1125 1616 T.
1144 1565 1166 1620 l.

156 1647 181 1697 p.
211 1631 250 1685 19.
275 1629 307 1682 ed
330 1631 421 1685 Reislr.
445 1631 591 1683 Doederlin.
623 1631 737 1696 Specirn.
763 1646 821 1684 nov.
846 1629 906 1682 edit.
929 1628 1052 1694 Sopbocl
1077 1647 1104 1697 p.
1122 1632 1166 1687 ill).

155 1699 240 1771 ῥᾷστα
257 1700 364 1766 putabat
380 1699 405 1751 in
424 1699 501 1768 λῷστ’
522 1704 569 1751 aut
587 1696 683 1766 ἄριστα
700 1699 850 1750 mutandum
871 1714 937 1750 esse.
967 1699 1021 1750 Pro
1038 1697 1165 1768 πιώμιθα

153 1766 277 1836 πιόμενοι
295 1769 420 1889 praebjnt
434 1769 511 1824 Bodl.
535 1769 595 1822 Per.
619 1767 682 1820 DK.
701 1771 767 1835 ling.
794 1783 824 1821 w.
842 1767 901 1822 Vct.
925 1782 952 1834 p.
970 1783 997 1821 v.
1016 1768 1079 1822 Vcn.
1098 1775 1117 1823 t.
1135 1775 1165 1823 et

155 1855 189 1892 ex
207 1852 275 1888 corr.
294 1838 354 1890 Val.
397 1880 403 1892 .

224 1907 254 1960 B.
291 1907 453 1975 ιιαρῆοιι]
472 1907 517 1958 Sic
529 1903 606 1958 Bodl.
622 1907 681 1958 Par.
702 1905 734 1960 u.
752 1904 810 1959 Vct.
829 1920 851 1958 ι.
869 1908 899 1968 t.,
915 1919 993 1969 qnam
1010 1907 1162 1972 scripturam

153 1975 230 2028 etiarn
249 1976 291 2027 elii
308 1973 413 2027 tirmant
429 1977 553 2044 παρῆςθε
571 1975 621 2030 vel.
643 1980 775 2044 ιιαρῆςιαι
792 1973 1085 2040 scriptumexbibenter.
1104 1975 1159 2027 Le·

153 2046 262 2111 gebatur
284 2050 344 2095 unte
363 2044 427 2095 Tur.
447 2051 555 2113 παρῆτε.

153 2210 246 2263 Phileb
275 2227 299 2276 p.
318 2209 378 2264 231.
390 2210 475 2260 collat.
490 2208 634 2279 interpreti.
683 2216 819 2277 ποιοῦμινς
838 2209 870 2263 ei.
883 2212 981 2262 Delect.
1001 2211 1159 2278 Epigramm.

153 2279 187 2331 ad
204 2277 322 2345 Xenoph.
341 2280 462 2344 Sympos.
481 2278 512 2328 11.
534 2279 557 2334 1.
685 2281 741 2335 Vll.
760 2279 799 2334 12.
819 2279 861 2331 ed.
877 2280 999 2332 lacobs
1016 2282 1102 2346 ibique
1115 2296 1161 2331 an-

187 2348 243 2398 τόν
261 2342 320 2399 οὖν
339 2348 549 2415 Παυσανίαν]
572 2349 635 2400 Fuit
684 2356 739 2402 not.
769 2366 794 2416 p.
822 2347 881 2402 228-
931 2348 1057 2401 Futurum
1082 2349 1163 2401 habes

154 2413 194 2467 bic
213 2417 354 2482 Agathonis
372 2424 482 2478 ornator,
500 2432 524 2467 v.
539 2419 635 2470 Prota*
684 2417 816 2470 Phaedon.
837 2433 863 2484 p.
888 2416 930 2472 71.
963 2417 1002 2469 E:
1029 2423 1085 2476 πῶς
1112 2411 1164 2471 οὖν

152 2501 208 2547 gor.
231 2486 290 2540 315.
328 2487 356 2535 l).
380 2485 410 2536 E.
449 2487 575 2538 Duris.
599 2486 633 2538 ad
684 2486 889 2553 ποιήσομινςοΙ.

153 2553 223 2607 Mun.
253 2555 316 2624 Tyr.
361 2554 457 2605 XXVI.
484 2553 508 2606 8Ι
537 2572 560 2621 p.
591 2555 634 2609 27.
720 2555 945 2617 οἶμαιδὲκαὶ
966 2553 1056 2615 ὑμῶν
1079 2554 1163 2615 τοὺς

151 2631 242 2674 nostre
267 2622 406 2677 introduct.
419 2623 451 2673 ad
466 2623 586 2689 Sympos.
605 2642 629 2690 p.
681 2623 851 2690 melioria]
872 2623 914 2674 Sc.
934 2625 1041 2675 δεῖσθαι
1057 2621 1161 2688 ἄναψιν.

149 2690 220 2743 xlv.
238 2707 292 2756 sqq.
313 2689 491 2742 Heindorf.
512 2692 545 2742 ad
565 2694 630 2743 Pro·
662 2736 665 2741 .
678 2698 738 2756 χῆς,
763 2708 785 2742 v,
813 2691 846 2743 ad
871 2693 947 2757 Apol.
972 2693 1047 2742 Socr.
1072 2708 1097 2758 p.
1117 2693 1159 2747 25.

149 2765 233 2825 tegor.
262 2776 287 2826 p.
311 2759 370 2814 485.
390 2758 580 2811 Schneider
597 2761 630 2812 ad
681 2761 712 2812 E.
731 2788 764 2799 -
782 2762 821 2811 De
834 2761 1002 2827 Aristophane
1021 2767 1082 2812 nota
1100 2768 1163 2813 sunt

149 2829 260 2879 Anabes.
279 2845 304 2895 p.
322 2828 382 2883 420.
410 2827 487 2879 etad
505 2828 628 2896 Sympos.
681 2830 773 2881 omnia.
809 2829 898 2894 Neque
917 2831 1157 2894 enimalinmesse‚

150 2913 175 2963 p·
197 2897 245 2952 146
263 2914 302 2963 sq.
382 2938 385 2949 .
679 2899 757 2963 qnia
783 2898 893 2949 Platone
911 2897 994 2950 hilaris
1018 2899 1161 2960 dentilonis

182 2971 263 3018 rive
285 2964 410 3032 τρόπον
433 2966 539 3035 ῥᾷστα
556 2965 630 3018 nari-
679 2968 786 3018 conviva
803 2967 981 3029 introducitur,
1001 2973 1078 3031 atque
1092 2984 1157 3033 poe·

146 3032 628 3104 μεθα]8ο11ο1.ῥᾴστατόἧ’δι-
678 3043 732 3088 tam
764 3037 906 3097 comicum,
936 3037 1079 3098 certissime
1111 3053 1158 3088 co·

147 3109 339 3157 arcisterium
364 3107 489 3170 σημαίνει.
532 3105 625 3160 Recte.
678 3107 812 3170 quescitur
830 3121 862 3156 ex
880 3105 994 3155 oratione
1016 3105 1158 3157 Alcibiadis

146 3173 248 3226 Eodem
274 3175 353 3225 modo
377 3189 439 3226 mox
463 3174 555 3226 dicitnr
577 3177 625 3240 ῥα.
678 3173 850 3236 cxxxvi,
873 3174 916 3225 ubi
936 3188 1026 3224 verane
1045 3173 1104 3228 361.
1122 3190 1156 3226 ex

146 3242 228 3307 στώιη
253 3262 292 3302 τις
317 3248 364 3306 τῆς
388 3241 496 3299 πόσιος.
533 3244 625 3308 ltaque
675 3242 791 3294 Nubibus
807 3245 937 3294 recitatur.
975 3242 1153 3294 eroduntem

146 3325 178 3360 ex
196 3314 355 3374 glossemate
378 3317 461 3362 ortum
490 3318 529 3360 est
552 3313 622 3376 qnod
675 3311 752 3362 Plato
779 3326 839 3363 eum
869 3313 894 3361 in
920 3309 968 3361 boc
995 3311 1060 3361 libro
1093 3311 1154 3362 lecit

144 3379 221 3440 vulgo
240 3378 374 3442 legebatur
390 3378 491 3442 ἥδιστα.
526 3380 622 3431 Dein·
674 3394 731 3430 cum
752 3380 892 3444 Agathocle
911 3379 998 3429 curicis
1015 3380 1153 3430 convivan-

144 3444 255 3495 dicativo
274 3445 409 3509 πιόμεθα,
434 3462 511 3511 quem
534 3447 559 3497 in
582 3449 621 3498 lo·
673 3452 725 3498 tem
750 3449 867 3514 adeoque
888 3464 946 3499 curn
968 3450 1023 3512 ipso
1043 3451 1162 3500 Socrate-

144 3529 202 3564 cum
221 3513 374 3563 coniunctivi
391 3515 579 3578 substituimus,
597 3532 622 3569 v.
672 3515 828 3569 familiariter
858 3519 1068 3581 colloquentem,
1093 3517 1154 3569 fue·

141 3582 208 3638 inire
226 3597 248 3632 c.
265 3580 354 3632 XXXI
359 3600 366 3632 ι
386 3587 436 3637 πῶς
454 3578 512 3646 οὖν,
530 3582 621 3649 φάναι,
670 3593 730 3635 runt
743 3588 785 3650 qni
798 3586 856 3638 inde
874 3588 1025 3651 colligerent
1037 3585 1156 3650 pbiloso-

141 3679 176 3691 -
193 3649 333 3714 acaciam
355 3647 439 3706 οὕτως
457 3651 518 3701 οὔτε
536 3671 562 3701 τι
580 3652 619 3702 λέ·
670 3653 747 3717 pbnm
759 3670 842 3718 neque
855 3656 943 3706 odisse
965 3654 1092 3705 bominem
1110 3654 1154 3706 fe-

139 3739 218 3788 γομιν
235 3719 277 3770 lui
295 3723 327 3784 τῇ
344 3716 428 3768 κύλικι
439 3718 501 3768 odie
520 3740 545 3781 τι
556 3719 620 3788 dric-
670 3724 847 3785 mitissimum,
860 3723 943 3788 neqn'e
958 3729 1064 3788 putasse
1074 3722 1153 3774 buius

71 3827 74 3832 .
138 3798 205 3858 ner,¹
220 3786 281 3840 ἀλλ’
304 3787 414 3866 ἀτεχνῶς
438 3783 518 3853 ὥςπερ
537 3792 562 3839 oi
579 3789 619 3838 cle-
670 3792 833 3854 potissimum
846 3792 959 3843 dicteriis
969 3792 1066 3855 facturn
1078 3806 1151 3856 esse,

138 3856 378 3923 ψῶιτιςιαόμεθα.
406 3856 625 3922 benepolitis
667 3867 696 3909 nt
721 3862 843 3911 Socrates
870 3859 960 3911 mortis
988 3861 1149 3913 condemna·

136 3942 163 3994 p·
190 3929 249 3983 377.
269 3928 307 3980 E:
331 3923 395 3977 alla
411 3931 471 3984 ’πῶς
494 3925 523 3989 ὀὴ
544 3928 616 3992 λίγα·
666 3935 744 3980 retur.
772 3928 826 3979 Sed
846 3943 868 3978 v.
885 3929 1008 3994 Prolegg.

135 3997 341 4062 ecculm-Vll
369 3993 465 4063 p·530·
486 3993 617 4052 Dreic-
700 3997 732 4047 B.
769 3990 1069 4060 Τοῦτομέντοιειῖ
1095 3998 1145 4048 λέ·

136 4062 440 4132 ημιῑςσογχωροὸμιι·ἧ
457 4069 613 4120 marcowal-
664 4065 747 4131 yerc]
772 4069 861 4129 μέντοι
885 4065 1030 4130 frequenter
1053 4069 1077 4119 iu
1101 4082 1143 4119 te·

134 4151 192 4196 νιος
213 4135 324 4233 lbid'av'
344 4152 368 4201 p.
387 4132 444 4190 lot.
472 4135 510 4186 E:
529 4133 545 4199 ἢ
564 4141 614 4195 πῶς
665 4134 1137 4205 sponsionibusaientibususurpatum
