2604 4620
134 234 243 285 xxxn
512 192 782 281 PROLBGOMENd
855 226 859 235 ’

137 388 300 465 minimus,
324 386 411 485 quod
431 382 524 450 nobis
546 384 633 449 omni
655 406 697 449 ex
717 394 811 469 parte
831 384 1040 469 probaretur.
1064 388 1174 459 Nola.

135 494 209 537 mus
230 493 307 537 vcro
327 491 391 533 ram
411 467 616 533 recensendis
636 464 883 555 iudicandisquc
904 472 1005 539 variis
1030 484 1171 543 senten.

137 557 191 621 tiis
213 566 245 621 ct
266 552 470 639 opinionibus
491 552 533 618 de
554 552 785 617 rc'admodum
801 564 1013 623 controversa
1026 560 1172 645 prolatis

135 640 255 707 bonum
276 648 405 723 tempus
426 658 629 712 consumerc;
648 657 733 720 ¹quas
755 636 783 701 si
804 636 861 721 qui
879 640 1015 725 plenius·
1030 644 1172 745 cupiant

136 744 341 811 cognoscere,
369 721 394 785 ii
414 722 522 807 legant
543 743 624 799 eam,
653 741 750 806 quam
777 742 879 807 supra
898 746 1170 807 memoravimus,

137 806 376 873 Susemihlii
405 805 702 870 commentationem
728 804 804 872 inde
826 812 990 907 all-182·
1027 810 1170 879 Iuvabit

135 892 245 979 potius
266 890 380 976 paucis
402 889 601 975 exposuisse,
628 888 705 973 quid
732 910 794 955 nos
807 888 884 977 ipsr
910 892 952 959 de
972 917 1010 960 re
1030 896 1168 983 gravis·

137 977 219 1043 sima
239 975 425 1052 sentiamus,
449 985 546 1058 atque
567 971 678 1039 iudicii
698 974 801 1038 nostri
822 996 955 1043 caussas
969 988 1003 1045 et
1016 980 1167 1045 rationes

136 1061 184 1127 ita
204 1059 391 1135 assertrices,
419 1067 457 1122 ut
483 1080 541 1123 cur
566 1056 608 1122 ab
630 1057 767 1123 aliorum
787 1058 964 1131 rationibus
985 1062 1165 1130 disteden.

137 1145 216 1211 dum
237 1153 426 1220 statuamus,
449 1164 546 1227 quam
567 1142 744 1208 clarissime
765 1144 986 1243 perspiciatur.

180 1228 324 1295 Videtur
343 1238 452 1293 autem
472 1225 566 1292 nobis
588 1226 716 1291 omnino
743 1226 787 1292 de
806 1227 870 1293 illu
888 1228 1087 1295 orationibus
1108 1231 1161 1297 ita

138 1335 210 1380 osse
238 1311 453 1389 statuendum,
480 1320 518 1375 ut
543 1332 597 1376 eas
618 1311 661 1376 ad
682 1310 862 1399 argumenti
878 1312 1021 1397 primarii
1041 1315 1155 1399 expli-

137 1398 294 1463 cationem
322 1406 355 1461 et
380 1395 626 1460 illustrationem
652 1417 718 1460 non
738 1396 840 1461 minus
858 1396 1051 1461 necessarias
1072 1410 1152 1461 esse

135 1481 358 1547 existimemus
378 1501 475 1563 quam
496 1480 655 1545 orationes
678 1478 822 1546 Socratis
841 1488 934 1565 atquo
952 1476 1149 1559 Alcibiadis,

137 1566 178 1632 de
200 1564 318 1648 quibus
343 1564 439 1631 modo
465 1586 505 1630 ex
528 1564 707 1631 licavimus.
743 1563 828 1630 Nam
851 1586 947 1649 quum
964 1562 1097 1631 Platoni
1116 1564 1157 1628 in

138 1648 307 1715 scribendo
322 1646 495 1736 Symposio
506 1586 572 1716 irco
592 1650 731 1716 maxime
752 1648 953 1737 propositum
970 1648 1071 1713 fuisse
1093 1670 1157 1749 ap·

137 1744 264 1822 parcat,
291 1745 417 1801 utnon
447 1735 550 1800 solum
575 1735 642 1800 vim
670 1745 702 1801 ot
729 1745 878 1799 naturam
904 1732 1005 1799 divini
1024 1754 1159 1811 amous,

137 1820 194 1905 qui
215 1820 477 1907 philosophorum
497 1821 648 1921 proprius
664 1829 760 1896 esset,
781 1819 964 1895 illustraret,
985 1816 1045 1883 sed
1058 1816 1173 1917 etiam,

138 1927 203 1992 qua
223 1906 277 1971 via
298 1916 331 1972 et
351 1906 473 1973 ratione
494 1907 536 1971 ad
557 1906 644 1971 rllius
664 1904 792 1969 laudem
814 1913 911 1989 atque
927 1910 1158 1989 praestantiam

37 2066 42 2073 ¹
137 1991 369 2077 perveniretur,
396 1991 558 2056 luculente
583 1986 714 2054 doceret
734 1997 831 2070 atque
853 1986 1040 2054 ostenderet
1057 1984 1158 2071 idque

138 2076 236 2141 etiam
256 2074 371 2139 illustri
394 2072 537 2138 Socratis
558 2073 705 2154 exemplo
727 2070 906 2136 declararet
934 2093 975 2138 ac
994 2072 1156 2157 pateface-

137 2170 205 2235 ret,
227 2158 297 2221 fieri
317 2156 463 2241 prolecto
483 2175 548 2217 non
561 2153 669 2236 potuit
682 2150 785 2225 aliter,
808 2173 905 2232 quam
920 2167 957 2219 ut
973 2156 1071 2222 etiam
1083 2155 1155 2221 fun-

138 2242 200 2305 dus
221 2239 314 2323 quasi
335 2237 560 2321 designaretur
580 2244 676 2316 atque
698 2231 983 2316 demonstraretur,
1011 2238 1098 2305 unde
1116 2237 1157 2305 iis

139 2332 225 2391 esset
245 2317 522 2408 proficiscendum,
571 2317 605 2380 ui
631 2316 673 2380 ad
695 2313 858 2381 excelsum
877 2316 959 2383 illud
981 2324 1156 2410 sapientias

137 2406 301 2495 fastigium
328 2402 499 2470 escendere
526 2422 567 2466 ve
590 2411 653 2466 ent.
699 2399 916 2484 Quamobrem
943 2405 1157 2496 philosophus

139 2491 386 2578 disputationem
412 2484 631 2552 sollertissime
657 2486 704 2551 ita
728 2486 878 2566 instituit,
906 2500 944 2553 ut
972 2490 1085 2558 divino
1111 2492 1155 2557 illi

138 2576 238 2641 amori
258 2571 358 2637 veluti
379 2592 420 2635 ex
446 2568 581 2636 adverso
604 2594 678 2638 eum
699 2594 840 2638 amorem
861 2572 1074 2657 collocaverit,
1101 2576 1156 2662 qui

136 2662 171 2726 in
192 2655 378 2740 quotidiana
401 2651 600 2721 Graecorum
616 2658 683 2724 vita
696 2657 853 2745 regnabat
867 2668 963 2742 atque
978 2660 1157 2728 sublimiori

136 2742 182 2809 illi
209 2738 307 2804 veluti
336 2760 376 2803 ex
403 2738 503 2805 altera
528 2751 621 2826 parte
647 2743 842 2827 respondere
869 2743 1050 2810 videbatur.
1089 2744 1156 2829 Qui

138 2823 267 2911 quidem
288 2846 378 2889 amor
400 2836 486 2891 certe
507 2848 572 2891 non
595 2837 644 2892 est
658 2827 750 2904 alius,
772 2850 869 2910 quam
891 2839 1000 2915 castus
1020 2830 1075 2896 ille
1096 2830 1154 2897 ho-

136 2919 312 2994 nestusque
339 2932 428 2977 amor
455 2934 628 2998 puerorum
657 2923 689 2978 et
715 2912 981 2993 adolescentium,
1015 2935 1035 2978 a
1060 2916 1156 2981 foeda

135 2995 279 3063 lubidine
300 2996 465 3062 seiunctus
486 3007 583 3082 atque
604 2997 765 3075 immunis,
794 2998 867 3064 ideo
890 3020 931 3063 ue
954 2999 1050 3064 etiam
1070 3000 1156 3089 legi·

136 3080 197 3148 bus
218 3081 356 3170 publicis
377 3082 555 3169 permissus
569 3093 666 3169 atque
679 3081 809 3170 optimis
823 3105 845 3167 q
869 3084 876 3098 '
902 3105 1004 3167 usque
1017 3084 1064 3155 ita
1075 3106 1156 3172 pro-

136 3166 242 3245 batus,
268 3180 305 3234 ut
332 3170 366 3234 in
393 3191 432 3234 eo
460 3191 525 3235 non
554 3169 708 3255 exiguum
728 3167 856 3233 virtutis
878 3190 977 3252 quum
997 3168 1155 3254 reliquae,

139 3261 207 3315 turn
227 3254 374 3338 inprimis
395 3253 528 3320 bellicae
547 3252 588 3319 'ac
610 3255 712 3319 civilis
751 3253 925 3318 raesidium
939 3264 971 3332 et
985 3254 1150 3318 adiumen-

138 3346 207 3401 tum
227 3337 369 3420 positum
391 3360 462 3402 esse
483 3339 704 3404 iudicaverint.
763 3361 780 3402 c
801 3359 865 3421 qua
886 3337 1016 3420 quidem
1035 3358 1070 3401 re
1088 3356 1147 3420 pe·

138 3419 249 3485 culiari
270 3420 487 3506 disputatione
515 3422 548 3486 in
569 3422 766 3506 praefatione
794 3422 836 3486 ad
858 3421 991 3486 alteram
1010 3418 1150 3485 Phaedri

137 3503 309 3569 editionem
341 3505 564 3600 explicabitur.
606 3505 738 3573 Etenim
769 3507 855 3570 hunc
886 3529 1036 3586 amorem,
1066 3506 1153 3570 inter

139 3586 283 3653 Graecos
303 3586 446 3671 legitrme
466 3589 619 3653 usitatum
635 3591 858 3674 communique
872 3613 961 3657 more
975 3600 1153 3675 receptum,

138 3671 193 3757 qui
215 3693 235 3736 a
255 3670 368 3735 foedae
388 3670 541 3736 lubidinis
560 3695 633 3751 usu,
654 3676 688 3740 in
711 3698 805 3760 quem
826 3697 902 3740 sane
922 3674 1001 3741 item
1016 3674 1155 3741 subinde

137 3756 243 3844 potuit
264 3755 471 3845 degenerare,
492 3756 592 3841 probe
611 3758 860 3846 distinguendus
875 3770 934 3838 est,
955 3759 1041 3827 hunc
1053 3760 1157 3847 igitur

139 3864 295 3920 amorem,
323 3849 462 3919 castum,
489 3841 660 3907 honestum
687 3857 719 3909 et
745 3845 874 3910 virtutis
904 3845 1010 3910 studio
1038 3844 1159 3911 alendo

137 3929 189 3993 vcl
210 3928 244 3993 in
267 3926 356 3993 rimis
377 3925 538 4004 idoneum,
567 3924 660 3993 Plato
690 3929 815 3994 censuit
840 3951 905 3994 non
932 3952 996 3994 uno
1023 3930 1158 3996 nomine

138 4033 211 4077 cum
254 4013 360 4078 ivinae
382 4010 556 4098 sapientiae
577 4032 684 4077 amore
704 4013 901 4100 philosophis
921 4014 1054 4101 proprio
1075 4036 1166 4113 con-J
