2604 4620
201 247 244 306 28
589 241 841 303 PLATONlS

202 422 274 505 περὶ
303 420 367 483 τῶν
392 412 552 481 τοιούτων
581 412 740 498 Φιλολάῳ
768 412 1021 499 σνμγεγονότεςς
1050 414 1153 483 Οὐδέν
1178 444 1214 504 ys

202 526 315 607 σιιμὲς,
343 506 577 599 &Balepatna
627 512 726 580 Ἀλλοὶ
753 512 820 599 μὴν
846 511 935 598 κάγώ
962 515 995 595 ἐξ
1021 514 1126 598 ιλκοῆς
1141 525 1215 606 περὶ

206 616 317 685 αὐτῶν
342 618 440 697 λέγοι·
478 612 500 680 ἃ
527 620 588 701 μὲν
612 606 672 682 οὖν
699 613 848 701 τυγχάνω
874 614 1040 696 ἀκηκοώς,
1075 617 1215 706 φθόνος

204 715 310 793 οὐδεὶς
334 720 447 798 λέγειν.
474 720 530 783 καὶ
555 713 619 805 γὰρ
647 717 721 794 ἴσως
746 720 801 782 καὶ
826 716 971 801 μάλιστα
1001 723 1115 802 πρέπει
1138 723 1214 801 μέλ-

145 825 171 882 la'
203 821 307 883 λοντοι
342 826 440 884 ἐκεῖσε
474 816 659 903 ἀποδημεῖν
697 819 886 884 διασκοπεῖν
920 843 953 883 τε
978 821 1035 883 καὶ
1059 821 1212 902 μυθολο-

201 931 270 1001 γεῖν
297 923 370 1002 περὶ
398 922 456 999 τῆς
482 917 672 1000 ἀποδημίας
697 920 757 997 τῆς
784 927 855 993 ἐκεῖ,
883 922 985 987 ποίαν
1012 914 1211 998 teudonivia

202 1015 350 1102 οἰόμεθα
377 1014 478 1082 εἶναι·
505 1023 537 1082 τί
562 1014 627 1103 peip
651 1014 694 1082 ‹ii-v
720 1041 771 1094 τις
796 1022 851 1084 καὶ
878 1029 970 1084 ποιοῖ
994 1016 1078 1085 ἄλλο
1104 1025 1139 1084 ὲν
1164 1020 1212 1102 τῷ

93 1110 101 1130 “
141 1168 149 1175 .
198 1125 291 1202 μέχρι
316 1113 412 1198 ἡλίου
440 1118 571 1199 δυσμῶν
595 1113 725 1200 χρόνοις

250 1214 336 1306 Cap.
366 1217 423 1283 Vl.
475 1212 575 1280 Κατὰ
611 1219 642 1279 τί
669 1205 730 1282 οὖν
759 1212 906 1294 δήποτε
935 1209 976 1278 oii
1001 1238 1087 1300 ιμισι
1114 1221 1214 1301 θεμι-

252 1483 301 1533 .1).
339 1481 441 1533 Οὐδέν
462 1499 494 1547 γε
514 1475 627 1544 σαφές]
648 1481 735 1536 σοφῶς
756 1475 830 1526 Bodl.
851 1475 920 1527 Tun.
1012 1500 1016 1506 ·

268 1547 284 1598 t
316 1554 371 1615 pir
397 1544 454 1598 oda
483 1545 646 1613 τυγχάνοι]
685 1545 713 1595 V.
744 1549 843 1613 μέντοι,
876 1545 961 1594 invitis
992 1540 1125 1594 codicibus
1158 1544 1213 1596 fere

201 1621 332 1683 omnibns,
353 1627 381 1670 ut
399 1619 507 1669 videtur.

271 1689 301 1738 E.
337 1692 428 1753 μέχρι
450 1685 561 1750 ἡλίου]
583 1683 612 1736 V.
631 1683 730 1748 μέχρις,
749 1679 892 1746 quodvcre
911 1696 925 1731 e
946 1679 1022 1730 Boni.
1046 1679 1121 1730 Vind.
1150 1683 1213 1730 ΥΦ.

200 1757 262 1807 Par.
283 1758 361 1809 AGl.
379 1756 468 1808 ambr.
487 1755 556 1807 Flos.
576 1753 602 1802 d.
622 1751 636 1801 i.
659 1751 723 1800 Zitt.
744 1751 806 1800 Ven.
826 1750 847 1801 Ξ
854 1750 889 1797 ΙΙ.
913 1754 1056 1811 mutatum,
1086 1750 1212 1812 siquidem

199 1827 362 1890 grammatici
382 1831 453 1874 recte
471 1823 628 1889 praecipiunt
646 1822 722 1884 μέχρι
740 1825 767 1869 et
784 1817 846 1884 ἄχρι
870 1817 946 1868 etiam
971 1821 1032 1880 ante
1056 1818 1144 1868 literas
1166 1834 1212 1868 vo-

200 1896 270 1945 cales
288 1894 426 1946 tenendum
446 1908 512 1944 esse.
532 1890 599 1942 coni.
618 1888 651 1939 ad
669 1905 684 1954 p
717 1887 773 1941 109.
793 1896 824 1938 lt.

235 2058 386 2122 Φιλολάῳ
423 2056 678 2122 σιιγγεγονοίες]

200 2128 261 2177 Fnit
285 2127 325 2176 Ιιῐο
343 2127 499 2175 Tarentinus
522 2127 562 2175 vel
587 2139 678 2173 secim·

202 2196 261 2244 dum
279 2194 342 2243 alios
357 2194 531 2254 Crotoniates,
550 2192 680 2242 nobilissi-

199 2278 257 2314 mus
274 2261 464 2325 Pythagoreus,
483 2259 516 2309 de
529 2276 581 2324 qno
600 2275 680 2323 quae·

200 2346 301 2394 cunque
315 2336 375 2379 nota
392 2337 451 2378 sunt
464 2327 616 2378 doctissime
634 2343 680 2378 ex-

200 2399 287 2464 posuit
302 2399 330 2450 a.
350 2395 544 2447 Boeckhius
563 2397 587 2446 in
600 2397 679 2446 libro:

199 2467 331 2519 Pltilolaos
346 2465 392 2516 des
405 2464 597 2529 Pythagoream
610 2463 681 2513 Len.

201 2551 247 2587 ten
282 2535 359 2584 nebst
395 2533 445 2584 den
483 2533 680 2583 Bruclistiicken

201 2604 288 2656 seinos
323 2601 440 2652 Werkes.
475 2600 562 2652 Berol.
596 2599 680 2662 1819„

202 2672 245 2736 qui
270 2686 302 2721 ex
325 2670 375 2719 lioc
405 2672 461 2720 loco
490 2670 548 2733 ipso
576 2670 681 2732 collegit

202 2740 297 2790 vixisse
328 2737 466 2788 Pliilolaum
495 2737 597 2788 circiter
621 2737 680 2787 inde

202 2808 235 2860 ab
265 2805 411 2871 Olympiad.
439 2804 518 2857 LXX.
541 2821 624 2870 iisque
648 2803 681 2856 ad

202 2874 503 2928 01.xcv,conf.etiam
518 2873 681 2926 Meiners=

202 2941 371 2995 Geschiclite'
390 2942 436 2992 der
464 2941 681 2993 wissenschaften
724 2972 727 2979 ι

204 3015 231 3064 in
249 3009 437 3064 Grieclienland
458 3026 483 3064 ιι.
503 3014 571 3063 Rom
592 3013 648 3063 Vol.
663 3014 680 3062 l.

203 3100 228 3149 p.
249 3082 298 3136 178
315 3097 371 3146 sqq.
389 3081 567 3132 Hermann.
586 3081 680 3132 Gescli.

205 3152 252 3272 ‘igi
275 3152 344 3204 Plat.
370 3150 466 3203 Pliilos.
488 3152 511 3232 v1.
536 3167 561 3217 p.
588 3150 630 3205 59.
657 3157 683 3202 ct

239 3353 369 3419 φθόνος
403 3352 512 3406 οὐδεὶς
542 3350 578 3413 λ]
608 3349 637 3415 λι,
658 3365 681 3398 e.

203 3423 363 3558 {julpgppter
379 3419 556 3471 dicamvid.
574 3418 680 3482 Viget.

237 3627 292 3677 usai
313 3624 478 3692 γδρλσοις
508 3622 560 3671 καὶ
587 3617 682 3685 μα’λι-

204 3693 271 3747 στιι
291 3698 357 3759 πρ.]
384 3695 412 3744 ln
439 3693 477 3743 his
504 3691 546 3742 nal
568 3688 681 3756 μάλιστα

203 3773 244 3820 est
269 3767 320 3816 vel
345 3762 502 3826 maxime,
528 3774 578 3809 usu
599 3757 681 3808 iaud-

203 3849 331 3901 quaquam
354 3846 428 3894 raro,
455 3835 550 3881 utnon
569 3826 679 3888 videam,

203 3922 248 3958 cnr
272 3905 315 3957 alii
337 3901 369 3952 de
394 3898 441 3950 hac
458 3899 558 3949 ratione
577 3895 681 3946 dubita-

202 3977 292 4027 verint.
336 3967 584 4033 Deindepttloam
612 3963 681 4028 apud

201 4045 350 4095 infinitivum
375 4035 531 4104 pendentem
552 4035 588 4083 ita
606 4031 680 4098 poni-

201 4117 258 4174 tur,
286 4117 315 4162 ut
333 4121 445 4176 persona
466 4104 624 4169 intedigatur
641 4100 680 4150 in·

731 2057 839 2107 delinita.
885 2057 970 2120 Vulgo
995 2055 1051 2105 τινὰ
1082 2057 1213 2122 supplent,

730 2140 781 2188 quo
802 2139 853 2174 non
875 2138 949 2188 opus.

764 2225 794 2275 E.
829 2225 933 2273 ἐκεῖσε
956 2221 1164 2288 ἀποδημεῖν]
1193 2227 1208 2274 i.

729 2309 754 2355 q.
772 2289 907 2346 εἰς”Αιδον
920 2290 1030 2340 ἀπιέναι.
1048 2317 1073 2325 -
1096 2291 1210 2343 Verbum

729 2360 908 2426 μυθολογεῖν,
931 2366 960 2408 nt
984 2358 1047 2408 infra
1073 2375 1097 2423 p.
1116 2358 1158 2410 io.
1179 2360 1210 2408 B.

731 2428 813 2493 Lego.
834 2428 853 2480 1.
872 2444 896 2492 p.
917 2425 976 2479 632.
996 2427 1026 2478 E.
1051 2428 1160 2492 apolog.
1183 2443 1207 2491 p.

730 2496 772 2549 39.
790 2496 823 2548 Ε.
843 2495 955 2548 Pliaedr.
973 2513 998 2562 p.
1016 2493 1076 2546 276.
1095 2495 1126 2546 Ε.
1152 2497 1210 2544 διιι-
1273 2539 1275 2543 .

731 2565 904 2631 μυθολογεῖν,
923 2570 964 2614 est
985 2562 1209 2625 confabulari,

731 2634 886 2698 poniturque
912 2631 980 2697 apud
998 2632 1135 2682 Platonem
1154 2632 1209 2682 sere

732 2702 765 2752 de
786 2703 864 2752 rebus
882 2701 990 2751 occultis
1003 2715 1145 2763 magnaque
1163 2702 1209 2749 ob-

732 2771 856 2821 scuritate
875 2760 1009 2830 involutis,
1034 2768 1069 2816 ita
1089 2769 1160 2817 utin
1179 2768 1210 2816 iis

732 2837 890 2904 explicandis
908 2837 996 2889 ludere
1013 2837 1095 2900 magis
1111 2841 1137 2886 et
1147 2851 1210 2885 con-

730 2907 842 2958 fabulari
869 2922 945 2970 quam
973 2911 1058 2954 certas
1086 2909 1131 2953 aut
1154 2905 1211 2954 veri

731 2976 826 3027 similes
839 2976 953 3025 rationes
968 2974 1041 3037 sequi
1052 2973 1211 3023 videaris.—

732 3045 786 3095 Pro
815 3049 868 3106 τῆς
905 3045 971 3092 ἐκεῖ
1000 3047 1210 3106 exspectaveram

732 3115 892 3232 iiid‘fiii
920 3111 1094 3232 idisita‘ai?
1103 3108 1209 3226 *2¹:¹⁰0-

820 3221 824 3232 ι
896 3217 901 3230 ι
991 3221 996 3231 .
1023 3201 1035 3227 0
1075 3200 1087 3226 l)
1146 3198 1176 3225 W
1196 3208 1210 3215 -

730 3267 785 3312 χειν
800 3199 850 3310 Ιλῆς
869 3252 928 3307 ἐκεῖ,
946 3245 1054 3309 πομπὸν
1073 3247 1101 3295 δέ
1114 3236 1145 3307 με
1156 3197 1208 3305 χεδ-

731 3321 798 3377 ρεῖν,
817 3315 859 3364 nbi
878 3318 950 3378 plura
975 3313 1045 3363 dedit
1063 3312 1209 3362 Doeder-

732 3383 835 3432 linus.
867 3381 1026 3433 Herodot.
1064 3378 1151 3428 ῖῖθών
1182 3378 1211 3426 δ’·

729 3451 788 3513 ἐκεῖ,
807 3453 905 3514 ποτέρα
923 3466 950 3497 τε
963 3448 1115 3512 καὶμητέρα
1131 3445 1209 3514 aipaf-

731 3537 789 3573 σεις.
818 3515 988 3569 Plutarch.
1026 3515 1064 3564 De
1092 3514 1152 3564 isid.
1184 3521 1209 3564 et

730 3586 799 3641 Osis.
819 3604 843 3652 p.
862 3584 921 3638 352.
939 3587 988 3634 duci
1006 3581 1126 3646 βαδίζειν.
1154 3588 1208 3632 Δι’-

730 3656 808 3705 rian.
844 3655 931 3719 Epict.
969 3651 1013 3704 lli.
1047 3667 1069 3703 c.
1102 3649 1144 3702 tl.
1177 3649 1208 3697 ἄν

730 3723 757 3788 μ’
785 3727 833 3773 ἐκεῖ
861 3726 971 3788 πέμπῃς.
1018 3719 1072 3769 atta
1104 3719 1208 3781 collegit

731 3790 898 3842 Scliaeler.
922 3789 954 3840 ad
973 3786 1063 3852 Steph.
1081 3786 1207 3839 Tliesanr.

733 3877 756 3913 c.
775 3859 852 3913 3659.
873 3858 902 3908 C.

718 3952 723 3959 ’
765 3962 828 4026 Cap.
848 3959 891 4010 Vl.
926 3956 1021 4008 Κατὰ
1040 3948 1207 4020 ιλ-οδνδή

730 4027 823 4094 ποτε]
851 4026 1022 4093 aristoph.
1045 4026 1129 4079 Nubb.
1148 4023 1207 4080 238.

731 4092 815 4161 ἦλθες
834 4096 862 4148 dl
878 4094 941 4147 κατὰ
959 4097 1000 4159 τίς
1017 4095 1060 4147 ubi
1080 4111 1103 4144 ν.
1124 4095 1209 4146 Ber-
