2604 4620
503 235 552 283 AD
575 233 790 285 SYMPOSIUM·
1058 238 1147 291 LXXI

139 388 233 454 stiam
253 384 539 474 improbabilitatis,
568 386 628 452 etsi
654 410 675 453 a
694 387 801 453 multis
819 388 1025 473 disputatum
1044 390 1147 476 est*),

138 485 245 539 tamen
270 472 331 538 boc
355 471 427 537 loco
455 472 733 561 commemoranda¹
751 470 888 552 videtur,
916 496 980 541 non
1001 496 1066 558 quo
1087 496 1148 541 nos

137 581 206 624 rem
224 557 359 623 multum
379 556 590 645 disceptatum
619 556 661 621 ad
681 557 837 642 liquidum
857 559 1032 644 perducere
1052 581 1148 644 posse

139 643 364 719 existimemus,
388 641 445 706 sed
465 651 502 705 ut
523 652 664 706 nostram
685 640 726 705 de
745 665 784 707 ea
799 643 989 711 sententiam
1008 665 1049 708 ne
1071 666 1147 709 con-

103 736 105 743 ’
139 728 219 793 sulto
239 726 407 797 reticuisse
421 725 597 792 videamur.
619 725 668 791 Ut
680 725 780 813 igitur
794 727 871 811 quid
885 727 932 792 rei
947 728 989 793 sit
1002 738 1148 795 accurate
1253 748 1257 753 ·

138 822 356 898 cognoscatur,
378 821 452 875 ante
473 810 579 876 omnia
600 832 681 894 quae
702 811 868 897 utriusque
892 809 1054 898 Symposii
1067 813 1149 878 ratio
1207 862 1212 877 .

138 896 191 975 sit,
213 897 356 967 breviter
368 895 574 965 indicandum
588 895 725 962 videtur.
746 893 832 961 Nam
845 907 1015 982 perspecto
1029 897 1149 963 utrius-

160 1004 202 1047 ue
225 981 330 1068 operis
345 979 474 1047 consilio
490 1003 623 1047 caussae
637 980 831 1047 diversitatis
851 982 885 1045 in
905 1005 942 1047 ao
958 981 1150 1069 conspicuae

138 1004 265 1131 ilicibus
280 1088 356 1131 sane
371 1065 571 1152 detegentur,
592 1065 774 1149 certiusque
790 1065 852 1131 erit
864 1066 1028 1144 iudicium,
1043 1077 1151 1131 utrum

139 1150 346 1236 malignitatis
380 1150 547 1217 cuiusdam
572 1160 605 1215 et
630 1150 771 1217 invidiae
798 1149 934 1236 vestigia
961 1161 1149 1237 appareant,

138 1257 203 1318 qua
216 1233 405 1301 nobilissimi
421 1228 564 1301 Socratis
575 1234 724 1321 discipuli
737 1234 954 1322 flagraverint,
976 1259 1019 1299 an
1032 1235 1153 1301 frustra

140 1321 181 1385 de
211 1319 264 1385 iis·
284 1320 326 1385 sit
357 1320 557 1387 somniatum.
599 1318 663 1386 Est
693 1330 802 1387 autem
829 1330 937 1385 nostro
964 1318 1081 1384 iudicio
1110 1319 1176 1385 de‘
1222 1384 1228 1393 ,

138 1403 304 1490 utriusque
325 1404 430 1489 operis
452 1415 693 1490 argumentost
715 1404 845 1473 consilio
859 1405 913 1470 'sic
935 1404 1150 1471 statuendum.

139 1487 326 1575 Xenophon
354 1486 521 1555 Socratem
553 1489 646 1554 nobis
672 1489 816 1557 exhibuit
842 1490 954 1568 talem,
987 1489 1091 1574 qualis
1118 1489 1153 1553 iu

138 1575 212 1658 ipsa
231 1573 300 1639 vita
321 1582 353 1639 et
372 1572 407 1637 in
427 1572 631 1641 familiarirun
652 1583 747 1657 atque
769 1574 973 1639 convivarum
993 1573 1154 1643 hilaritate

140 1657 239 1723 luisse
260 1656 434 1735 videretur,
463 1657 576 1721 induxi
591 1679 654 1741 que
676 1680 749 1723 eum
769 1658 810 1723 de
831 1680 938 1723 amore
960 1681 998 1723 ea
1018 1656 1153 1742 loquen-

142 1752 216 1819 tem,
237 1762 321 1825 quae
342 1763 455 1806 revera
475 1740 538 1826 ipsi
559 1742 754 1827 pacuissent
760 1767 769 1817 3
792 1742 885 1810 Plato
906 1751 1014 1807 autem
1034 1730 1152 1807 amoris

142 1825 324 1911 philosophi
344 1826 571 1912 praestantiam
592 1848 630 1891 ac
655 1827 845 1911 dignitatem
872 1827 1076 1893 adumbravit
1104 1836 1154 1891 at·

143 1933 205 1995 que
226 1910 415 1976 monstravit
435 1910 531 1989 mam,
554 1931 619 1994 qua
638 1910 679 1975 ad
696 1912 784 1976 illam
799 1910 1033 1997 perveniretur,
1056 1932 1157 1994 eaque

143 1997 232 2061 inre
256 1992 399 2060 Socratis
420 1997 566 2081 exemplo
586 2018 665 2061 usus
684 2007 736 2061 est
757 1996 813 2074 sic,
835 2007 873 2062 ut
892 1995 995 2080 ipsius
1016 1995 1155 2081 imagine

143 2080 246 2146 virtus
271 2078 408 2152 hominis
434 2080 541 2146 divine
562 2103 694 2166 prorsus
720 2079 855 2146 amantis
874 2081 1009 2165 ideoque
1031 2102 1156 2146 summa

144 2165 309 2251 sapientia,
336 2165 552 2231 moderatione
578 2187 617 2231 ac
638 2167 854 2253 temperantia
881 2165 984 2230 ornati
1005 2184 1157 2251 expressa

144 2260 335 2317 cerneretur.
375 2248 468 2331 Quae
496 2252 523 2316 si
548 2260 709 2328 tenemus,
741 2250 995 2337 Xenophontem
1015 2250 1157 2336 profecto

145 2335 254 2400 facile·
270 2333 485 2422 intelligemus
515 2333 721 2421 Symposium
753 2359 846 2401 suum
878 2336 969 2401 aliter
1001 2335 1157 2400 adornare

144 2419 296 2485 debuisse
317 2429 417 2503 atque.
433 2418 612 2498 Platonem,
633 2422 818 2504 nullumque
839 2443 880 2485 ex
900 2421 960 2485 hac
975 2419 1159 2485 diversitate

144 2514 275 2571 mutuae
305 2504 445 2571 invidiae
477 2516 534 2571 aut
565 2506 803 2571 obtrectationis
835 2515 1059 2592 argumentum
1090 2503 1158 2588 peti

144 2612 252 2677 posse,
263 2589 326 2655 nisi
337 2590 399 2655 alia
410 2591 479 2656 eius
488 2590 607 2656 indicia
616 2591 827 2677 reperiantur.
841 2588 979 2655 Accedit
988 2589 1063 2667 huc,
1071 2587 1160 2672 quod

145 2674 273 2759 utrique
288 2676 468 2741 convivium
483 2675 655 2760 quoddam,
701 2676 859 2742 raesentia
874 2673 1017 2741 Socratis
1033 2673 1160 2740 celebre

148 2760 280 2834 sactum,
304 2761 395 2825 alteri
412 2758 544 2839 Calliae,
568 2761 658 2827 alteri
673 2700 867 2847 hgathonis,
891 2783 1040 2826 caussam
1054 2769 1087 2826 et
1101 2780 1160 2844 op-

148 2843 379 2928 portunitatem
397 2846 556 2911 scribendi
572 2845 758 2931 praebuisse
776 2846 913 2924 videtur,
930 2854 969 2910 ut
983 2845 1059 2909 hinc
1079 2865 1160 2925 quo-

148 2949 211 3010 que
223 2927 432 2993 dissensionis
443 2930 582 2994 rationes
592 2931 680 2995 nullo
691 2930 819 3018 negotio
830 2939 975 3013 repetere
986 2929 1090 2993 liceat.
1104 2925 1161 2990 Vi-

148 3011 281 3077 deamus
300 3011 411 3098 igitur,
434 3012 512 3095 quid
536 3013 663 3077 tandem
679 3014 730 3091 sit,
752 3014 837 3078 unde
852 3014 914 3078 viri
928 3011 1013 3076 docti
1027 3011 1164 3076 alterum

150 3092 359 3180 Symposium
381 3096 562 3180 oppositum
577 3119 647 3161 esse
666 3098 758 3165 alteri
772 3095 1027 3161 coniectaverint.
1049 3093 1164 3175 Itaque

149 3178 290 3267 primum
316 3179 459 3266 aiuntst)
488 3181 522 3245 in
549 3177 722 3268 Symposio
751 3180 895 3247 Platonis
924 3178 1071 3246 tibicinas
1100 3178 1164 3244 eie-

151 3276 230 3344 ctas,
244 3264 332 3351 apud
348 3263 598 3351 Xenophontem
613 3276 724 3333 contra
738 3266 867 3333 easdem
881 3287 1033 3331 unacum
1049 3261 1165 3331 scurris

184 3440 211 3502 *)
229 3441 262 3491 V.
281 3434 458 3491 Cornarins
474 3439 585 3491 Praelat.
607 3441 641 3491 ad
658 3440 817 3505 Interpretat.
836 3439 963 3504 Symposii
980 3440 1045 3490 Plat.
1070 3446 1095 3488 ot
1112 3441 1165 3493 Xa-

234 3509 314 3574 noph.
333 3525 359 3572 p.
379 3513 411 3558 13
429 3523 483 3573 sqq.
500 3510 623 3572 Menag.
636 3509 668 3559 ad
679 3509 756 3573 Diog.
773 3510 804 3561 Ιι.
822 3507 857 3557 II.
877 3511 916 3559 57.
935 3506 983 3556 ΠΙ.
996 3513 1036 3558 34.
1054 3508 1166 3559 Murct.

234 3578 308 3627 Varr.
325 3578 408 3626 Lectt.
425 3577 459 3627 V.
480 3581 519 3626 14.
541 3577 631 3626 Voss.
648 3576 716 3628 Hist.
734 3574 777 3626 Gr.
796 3577 816 3624 I.
834 3591 859 3640 p.
878 3583 919 3628 24.
950 3576 1167 3636 Hindenbnrg.

236 3645 427 3695 Animadversa.
445 3644 472 3694 in
483 3645 550 3694 Xan.
561 3644 641 3695 Mem.
653 3643 702 3695 111.
717 3651 740 3694 6.
767 3645 975 3694 Tennomann.
993 3643 1091 3693 Hister.
1103 3642 1168 3705 phil.

237 3714 268 3762 Τ.
285 3715 307 3764 Ι.
325 3729 350 3777 p.
370 3718 411 3761 24.
435 3720 461 3762 et
481 3713 595 3776 inprimis
612 3713 646 3762 A.
663 3713 780 3762 Bockh.
805 3713 847 3762 Dc
868 3713 1004 3772 simultate,
1027 3727 1092 3774 quae
1109 3710 1167 3758 Pla-

238 3781 293 3830 toni
315 3795 374 3831 cum
390 3780 567 3846 Xenophonte
589 3781 759 3831 intercessisse
781 3780 867 3831 fertur.
901 3779 1015 3830 Berolin.
1040 3784 1113 3829 1811.
1144 3782 1168 3824 4.

239 3847 268 3897 G.
290 3849 338 3899 ur.
360 3848 527 3899 Hermann.
553 3848 649 3898 Indico.
674 3850 757 3901 Lcctt.
779 3848 902 3897 Academ.
923 3847 1098 3908 Marburgons.
1124 3857 1169 3905 per

241 3923 360 4030 {spasano
370 3918 504 3968 hibernum
513 3931 571 3968 ann.
583 3922 757 3967 isat-1835.
772 3917 954 3966 habendarum.
965 3915 1046 3964 Marb.
1061 3926 1094 3961 cx
1103 3909 1169 3960 olfic.

276 3984 402 4033 wertisna.

187 4048 227 4111 **)
245 4048 361 4101 Athen·
378 4052 425 4103 XI.
444 4070 467 4117 p.
488 4060 542 4106 505.
570 4055 599 4104 E.
619 4053 791 4105 Carnarius
808 4053 826 4101 1.
845 4069 865 4100 r.
888 4057 925 4099 14.
