2604 4620
136 298 138 308 r
186 260 228 323 52
572 252 823 314 PLATONiS

189 430 311 501 τούτου
345 427 530 514 θεραπείᾳ·
567 427 622 491 καὶ
659 431 694 491 ἐκ
726 422 850 492 τούτου
882 424 1042 513 ἀσχολίαν
1066 423 1201 514 ’ὀίμομεν

190 530 391 625 φιλοσοφίας
424 533 497 618 πέρι
529 521 583 591 διὰ
617 525 729 591 πάντα
763 528 881 593 ταῦτα.
914 525 952 595 τὸ
990 524 1023 592 δ’
1062 533 1201 614 ἔσχατον

190 627 342 706 πάντων,
378 621 447 703 ὅτι,
480 622 540 693 ἐείν
576 650 624 703 τις
652 623 731 711 ἡμῖν
768 630 824 692 καὶ
849 624 950 712 σχολή
977 633 1111 713 γίνηται
1135 627 1195 696 ἀπ’

191 726 297 796 αὐτοῦ
325 729 380 794 καὶ
407 723 614 814 τραπώμεθα
651 723 736 813 πρὸς
767 722 806 794 τὸ
832 739 965 795 σκοπεῖν
991 754 1039 807 τι,
1071 737 1106 794 ἐν
1128 740 1202 808 ταῖς

192 825 361 912 ζητήσεσιν
397 818 441 894 αὖ
476 831 649 914 πανταχοῦ
677 837 895 913 παραπῖπτον
921 828 1077 914 θόρυβον
1102 838 1203 914 παρέΑ

189 955 241 1016 χει
274 933 330 997 καὶ
363 924 514 1014 ταραχήν
550 934 604 995 καλ
632 925 816 1008 ἐκπλήττει,
850 925 928 1005 ὥςτε
961 927 1005 1015 μὴ
1031 925 1203 995 δύνασθαι

194 1027 253 1096 ὑπ’
293 1026 399 1094 αὐτοῦ
433 1031 594 1111 καθορᾶν
624 1027 783 1107 τάληθές,
816 1025 902 1093 ἀλλὰ
939 1033 986 1114 τῷ
1022 1024 1094 1094 ὄντι
1125 1027 1203 1113 ἡμῖν

196 1132 363 1204 δέδεικται,
390 1123 451 1204 ὅτι,
477 1133 504 1192 εί
528 1129 686 1210 μέλλομέν
704 1151 784 1192 ποτε
802 1131 966 1213 καθαρῶς
991 1154 1022 1193 τι
1043 1127 1203 1207 είσεσθαι,

137 1247 165 1308 1⁴}
192 1228 422 1298 ἀπαλλακτέον
448 1223 553 1291 αὐτοῦ
579 1231 633 1291 καὶ
661 1221 744 1316 αὐτῇ
771 1227 809 1314 τῇ
835 1231 925 1317 ψυχῇ
948 1231 1094 1294 θεατέον
1117 1225 1204 1294 αὐτὰ

193 1326 236 1397 τὰ
271 1324 472 1417 πράγματα·
505 1329 560 1391 καὶ
595 1323 685 1403 τότε,
720 1322 764 1401 ὡς
785 1329 905 1402 ἔοικεν,
943 1322 1021 1410 ἡμῖν
1048 1330 1139 1391 ἔσται
1166 1318 1206 1394 οὗ

193 1429 424 1512 ἐπιθυμοῦμεν
451 1449 483 1490 τε
509 1430 565 1490 καί
589 1448 700 1516 φαμεν
724 1427 860 1510 ἐρασταὶ
887 1423 980 1503 εἶναι,
1005 1425 1205 1513 φρονήσεως,

194 1521 327 1599 ἐπειδὰν
365 1520 621 1610 τελευτήσωμεν,
661 1522 704 1601 ὡς
738 1523 756 1590 ὁ
790 1521 890 1607 λόγος
925 1530 1093 1610 σημαίνει,
1129 1528 1205 1606 ζῶσι

196 1630 231 1694 δὲ
254 1619 304 1693 οὕ.
332 1632 359 1692 ei
384 1620 448 1708 γὰρ
473 1620 518 1706 μή
546 1622 620 1691 οἷόν
655 1649 688 1712 τε
721 1620 803 1707 μετὰ
838 1627 899 1697 τοῦ
926 1625 1079 1709 σώματος
1104 1629 1206 1709 μηδὲν

196 1728 361 1813 καθαρῶς
394 1727 537 1809 γνῶναι,
572 1728 666 1791 δυοῖν
701 1720 869 1808 θίίτερον,
910 1721 931 1804 i}
955 1722 1106 1808 οὐδαμοῦ
1140 1727 1207 1791 ἔστι

197 1824 391 1909 κτήσασθαι
416 1818 454 1891 τὸ
481 1827 608 1902 εἰδέναι,
636 1820 656 1906 ’ή
685 1822 911 1905 τελευτήσασι·
939 1825 1014 1891 τότε
1041 1819 1206 1911 γὰραύτὴ

136 1958 179 2019 07
200 1925 284 1995 καθ’
315 1919 423 2007 αὑτήν
448 1927 541 1990 ἔσται
568 1922 588 2003 ή
616 1922 707 2018 ψυχή
730 1927 830 2011 χωρὶς
854 1927 916 2014 τοῦ
941 1925 1101 2010 σώματος,
1126 1922 1208 2011 πρό-

269 2183 300 2237 D.
337 2180 390 2231 διᾶ
415 2181 523 2233 πάντα
548 2182 674 2249 ταῦτα]
698 2183 743 2234 Sic
767 2182 843 2236 codd.
863 2184 963 2250 plurimi
981 2191 1007 2235 et
1025 2186 1121 2249 optimi.
1142 2186 1210 2237 vett.

199 2250 272 2306 cdiii.
290 2251 318 2319 ri.⁴
332 2255 418 2300 ταῦτα
430 2250 529 2307 πάντα.

234 2456 266 2506 D.
306 2450 470 2516 ἀσχολίαν
501 2450 627 2519 ἄγομεν
651 2470 679 2517 φ.

179 2525 245 2584 ‘ml
265 2521 288 2575 h.
301 2538 323 2574 e.
341 2519 549 2586 impedimur,
568 2536 606 2570 ne
624 2536 679 2584 ρο-

200 2605 281 2641 πεεε
306 2588 447 2639 studium
472 2588 502 2637 in
532 2587 679 2652 philoso-

200 2658 276 2723 phia
313 2655 497 2722 possimus,
539 2656 679 2720 interprete

200 2724 422 2776 Fischer0.-
456 2722 680 2774 ldembeneob·

201 2793 312 2844 servarit
344 2792 526 2854 παραπίπιεα
561 2791 609 2840 diei
638 2800 678 2854 ea,

199 2877 267 2925 quae
288 2860 519 2911 interveniunt
546 2874 628 2910 casu
646 2865 678 2911 et

200 2929 352 2992 fortuito,
371 2933 450 2993 atque
467 2927 534 2978 adeo
554 2934 678 2993 tempo-

200 3013 235 3050 re
257 2998 376 3050 alieno.
420 2998 542 3048 Ceterum
566 2995 599 3047 rie
621 2996 679 3047 labe

200 3081 251 3131 qua
273 3067 373 3117 animus
397 3081 444 3130 per
468 3064 584 3129 corporis
606 3079 679 3115 com-

199 3136 346 3186 munionem
357 3136 465 3185 affectus
476 3140 524 3190 est,
538 3133 678 3183 contulisse

199 3203 298 3252 iuvabit
315 3205 473 3266 praeclarum
498 3204 582 3252 iocum
600 3201 676 3267 Reip.

199 3267 233 3318 X.
251 3283 276 3332 p.
295 3267 354 3320 611.
375 3270 404 3320 B.
424 3270 454 3320 C.
475 3269 506 3321 D.

234 3333 312 3383 ἀλλὰ
351 3340 390 3397 τῷ
421 3334 494 3384 ὄντι
525 3332 603 3397 ήμῖν
632 3334 678 3383 δί-

201 3402 341 3466 δεικται]
366 3401 389 3453 h.
415 3418 437 3452 e.
462 3404 677 3466 exploratum

201 3475 266 3520 est.
290 3470 402 3520 Morus
425 3469 504 3523 lndic.
522 3468 556 3520 ad
576 3468 678 3532 leucra-

200 3538 234 3588 tis
261 3538 390 3602 Panegyr.
414 3554 435 3586 s.
460 3553 484 3587 r.
513 3536 678 3602 ,,δέδεικται,

199 3606 289 3669 inquit,
308 3605 472 3671 exemplis
490 3611 522 3656 er
544 3620 602 3655 usu
626 3607 676 3656 de-

199 3680 417 3724 monstratum
438 3680 495 3735 est,
511 3673 676 3726 cunstat.“

199 3742 284 3793 Recte
312 3741 364 3792 vid.
397 3741 618 3791 Heindorf.
652 3747 678 3792 et

200 3808 427 3875 wyttenbncir.
458 3808 491 3860 ad
519 3809 542 3862 h.
565 3809 580 3860 Ι.
623 3810 676 3860 Ita-

200 3893 252 3944 que
270 3891 321 3928 non
342 3892 408 3942 opus
433 3882 474 3927 est
492 3892 550 3928 eum
569 3876 674 3929 Heus-

199 3947 254 3998 dio
275 3945 406 4011 corrigere
424 3944 548 3995 δέδοκται.

232 4013 264 4065 Ε.
301 4007 340 4063 οὗ
365 4014 673 4077 incursantium-.-

186 4080 405 4149 φρονήσεως]
429 4081 565 4146 Αρροείῐίο
584 4081 671 4134 relau-

732 2466 775 2513 vo,
793 2465 844 2501 non
862 2450 968 2516 principi
981 2451 1084 2514 nomini,
1104 2467 1209 2504 accom-

731 2519 851 2580 modata,
879 2518 911 2568 de
940 2534 989 2582 qua
1015 2522 1208 2572 constructione

731 2601 755 2638 v.
787 2588 896 2651 Apolog.
925 2586 1027 2637 Socrut.
1056 2604 1082 2653 p.
1108 2589 1152 2640 il.
1178 2591 1208 2640 Α.

730 2653 836 2704 Menon.
860 2670 884 2718 ρ.
904 2653 946 2707 94.
964 2655 996 2707 D.
1022 2661 1048 2706 et
1072 2656 1163 2722 Symp.
1183 2674 1207 2723 ρ.

730 2720 790 2776 205.
809 2722 841 2774 Ε.
861 2721 945 2785 ibique
964 2739 1019 2773 ann.

764 2787 843 2840 τότε
865 2788 926 2855 μὰρ
951 2788 1032 2852 αὐτή
1058 2790 1134 2840 καθ’
1155 2791 1208 2841 nri.

728 2857 822 2921 τὴνῆ
845 2871 873 2924 ψ.
892 2877 913 2910 ιι.
933 2878 956 2907 τ.
971 2859 1004 2924 L]
1024 2858 1103 2910 Tum
1124 2861 1207 2912 enim

729 2925 858 2977 demum
883 2942 991 2977 secum
1016 2928 1090 2993 ipse
1116 2929 1208 2978 vivet

729 2997 873 3058 animus,
907 3001 1062 3046 secretus
1092 3013 1107 3047 a
1138 3012 1209 3047 cor·

729 3079 824 3129 pore,
849 3078 911 3114 nee
935 3065 1073 3127 unquam
1097 3072 1209 3125 antea3

730 3137 831 3195 atque
862 3131 933 3182 dum
964 3134 1130 3198 vivemus,
1164 3135 1209 3183 ita

729 3200 856 3252 demum
881 3216 975 3264 quam
1001 3201 1208 3266 proximead

730 3283 842 3318 veram
869 3270 1045 3319 scientiam
1068 3268 1208 3320 accede-

730 3349 815 3398 mus,
854 3336 896 3396 sig
937 3352 1030 3399 quam
1068 3338 1208 3387 maxime

730 3401 806 3452 sieri
832 3403 954 3466 possit,
980 3418 1037 3454 nos
1061 3420 1076 3454 a
1096 3419 1209 3469 οοτρο-

729 3469 776 3518 ris
800 3470 1044 3521 consuetudine
1069 3477 1100 3522 et
1124 3488 1207 3523 com-

730 3536 898 3600 munione,
918 3539 983 3588 nisi
1010 3539 1064 3589 ubi
1083 3555 1206 3591 summa

730 3607 803 3656 eius
824 3607 1016 3657 necessitas
1035 3609 1207 3672 inciderit,

729 3673 978 3736 abstrahamus,
1012 3691 1207 3726 caveamus-

729 3757 804 3806 que,
833 3756 873 3793 ne
898 3742 1024 3793 vitiosa
1051 3745 1207 3809 eorporis

728 3814 848 3859 natura
888 3810 1115 3876 inquinemur,
1151 3813 1207 3863 sed

727 3877 843 3942 potius
881 3892 940 3928 nos
967 3879 1005 3929 ab
1035 3896 1071 3930 ea
1104 3896 1207 3946 puros

726 3943 950 4010 illibatosque
983 3963 1205 4012 servemus,

726 4011 836 4061 donec
859 4027 916 4063 nos
941 4015 1023 4067 deus
1052 4019 1125 4083 ipse
1152 4033 1206 4068 ex-

724 4079 881 4130 solverit.
919 4083 958 4133 De
983 4085 1062 4135 verbo
1089 4083 1205 4151 ἀναπιμ-
