2604 4620
147 259 194 329 ao
528 255 867 367 palasano

143 456 226 520 quae
246 435 281 499 in
302 456 340 500 eo
360 444 553 513 tractantur,
576 437 715 515 excellit,
739 439 796 503 sed
816 439 913 504 etiam
927 441 1076 509 maximis
1091 445 1159 510 elo-

143 519 292 604 quentiae
322 518 466 598 dotibus,
501 521 749 606 perspicuitate,
785 524 960 602 suavitate,
997 528 1159 613 gravitate

143 627 159 668 s
182 603 299 679 lendet,
319 612 356 666 ut
374 626 439 668 non
455 614 580 669 tantum
598 606 641 671 ad
660 606 850 686 docendum,
871 611 1097 677 verumetiam
1115 614 1158 678 ad

142 626 366 752 allectandum
386 697 483 772 atque
501 690 696 755 movendum
717 702 922 777 comparatus
947 699 997 759 sit
1040 694 1157 781 Itaque

140 770 237 835 Plato
255 772 382 836 remita
402 773 567 851 tractavit,
588 785 626 839 ut
646 774 680 838 in
699 797 737 839 ea
752 776 943 875 explicanda
962 799 1036 843 cum
1057 802 1156 867 argu-

140 866 320 920 mentorum
341 854 518 922 subtilitate
537 856 634 922 etiam
653 856 873 926 admirabdem
894 859 1064 928 facundiae
1078 886 1155 964 gra-

140 940 219 1003 tiam
226 940 435 1026 coniungeret
440 965 453 1017 ς
467 963 531 1025 quo
543 941 616 1027 ipso
631 943 748 1020 evenit,
763 953 800 1008 ut
806 944 859 1010 hic
866 943 947 1010 liber
953 945 995 1011 ab
1003 969 1155 1015 emman-

140 1023 289 1109 tiquitate
314 1024 343 1089 is
368 1021 499 1090 habitus
526 1024 577 1103 eit,
604 1026 638 1089 in
659 1047 724 1110 quo
744 1026 994 1096 immortalitatis
1014 1032 1155 1098 rationes

139 1108 211 1192 pari
226 1109 408 1193 eloquentia
422 1118 519 1193 atque
535 1109 711 1174 subtilitate
727 1111 892 1195 expositae
913 1124 1030 1178 essent
1045 1114 1155 1180 Pluri-

139 1215 227 1256 mum
242 1202 350 1257 autem
376 1193 475 1257 retert
492 1193 527 1258 in
541 1193 775 1280 cognoscendis
795 1190 1040 1343 iudicandisiplr'q
1054 1220 1154 1283 argu-

139 1276 267 1354 mentis,
282 1298 365 1361 quae
385 1275 419 1341 in
432 1277 573 1342 medium
589 1278 775 1354 afferuntur,
795 1288 833 1343 ut
852 1288 954 1344 artem
1019 1279 1155 1367 ’osophi

139 1361 442 1439 animadvertamus,
464 1383 529 1446 qua
552 1362 683 1463 singula·
692 1362 777 1427 inter
790 1361 862 1449 ipsa
882 1302 1046 1448 copuldvit
1064 1364 1154 1429 etad

138 1445 293 1510 maiorem
306 1444 469 1528 quandam
489 1445 748 1530 probabilitatem
763 1469 804 1512 ex
827 1446 924 1512 licare
944 1457 1078 1512 conatus
1093 1458 1153 1513 est.

140 1527 356 1596 Continentur
377 1529 462 1593 enim
477 1530 584 1596 omnia
598 1540 694 1614 atque
710 1469 837 1616 singulh
852 1553 890 1596 ea
904 1531 1153 1609 necessitudine,

138 1613 259 1679 utalia
284 1635 359 1678 eum
382 1612 452 1679 aliis
475 1637 495 1677 a
520 1614 641 1679 tissime
662 1613 854 1679 cohaereant
874 1623 906 1678 et
923 1624 1068 1679 mutuam
1090 1614 1154 1680 sibi

81 1736 84 1741 ·
136 1698 243 1763 lucem
261 1697 438 1761 affimdant.
503 1720 526 1761 x
542 1698 634 1763 cuius
648 1696 696 1762 rei
716 1697 860 1780 diligenti
875 1697 1154 1764 animadversione

159 1782 291 1848 uoniam
312 1804 464 1868 magnam
485 1791 612 1866 partem
636 1781 757 1865 pendet
777 1782 958 1847 accuratior
981 1781 1154 1847 universae

137 1805 187 1933 dis
210 1866 364 1932 utationis
378 1865 599 1951 intelligentia,
620 1888 682 1952 age
697 1865 810 1950 paucis
825 1865 930 1930 adhuc
950 1865 990 1931 de
1009 1864 1070 1931 hoc
1086 1865 1153 1930 sin·

136 1889 286 2038 gadarum
311 1950 627 2037 argumentationum
653 1972 740 2016 nexu
766 1959 799 2015 et
824 1949 1026 2015 cohaerentia
1050 1971 1153 2035 expo-

136 2059 261 2101 namus.

188 2118 368 2184 Exorditur
380 2119 481 2206 igitur
497 2119 648 2187 Socrates
669 2121 921 2206 disputationem
934 2121 975 2186 de
987 2120 1155 2186 immorta-
1194 2126 1196 2130 ’

135 2203 224 2269 litate
239 2227 259 2268 a
273 2204 504 2270 considerando
519 2228 626 2271 rerum
643 2206 876 2271 contrariorum
895 2215 985 2269 motu
1000 2205 1068 2270 sive
1080 2226 1155 2269 mu-

136 2289 284 2367 tatione,
311 2288 568 2388 quandoquidem
604 2290 764 2355 contraria
804 2288 946 2355 ostendit
955 2288 989 2375 ⁴)
1028 2310 1157 2374 semper

136 2396 176 2439 ex
192 2373 360 2439 contranis
375 2372 528 2438 existere:
551 2374 637 2439 unde
652 2374 791 2458 denique
806 2373 890 2440 effici
905 2372 991 2451 vult,
1011 2372 1158 2438 animum·

134 2481 200 2524 non
213 2458 361 2536 interire,
383 2457 442 2523 sed
454 2467 578 2523 mutare
593 2467 718 2523 tantum
731 2458 904 2544 pristinum
925 2467 1045 2522 statum
1059 2476 1155 2521 suum

136 2543 395 2628 superioremque
414 2541 638 2607 conditionem.
666 2541 842 2608 Enimvero
867 2540 1030 2626 sapienter
1049 2539 1156 2627 philo·

136 2625 257 2710 sophus
268 2636 342 2690 ante
353 2625 641 2690 omniaanimorum
650 2635 804 2711 tanquam
813 2636 936 2690 motum
944 2625 981 2689 in
990 2623 1154 2711 discepta-

135 2710 255 2774 tionem
268 2709 405 2786 vocavit,
420 2708 540 2856 {lippe
553 2710 663 2793 inquo
677 2710 916 2795 conspiceretur
921 2708 1153 2794 quasiextarna

135 2816 250 2860 eorum·
259 2793 345 2858 vitae
359 2815 419 2857 oon
443 2792 508 2856 'tio
553 2790 652 2873 Quod
677 2794 704 2858 si
719 2795 792 2877 quis
806 2794 931 2859 dubitet
944 2790 1153 2879 quamobrem

134 2879 181 2943 ita
194 2877 318 2955 fecerit,
332 2876 566 2942 recordandum
579 2886 640 2954 est,
655 2876 881 2962 philosophum
892 2877 989 2942 etiam
1001 2876 1067 2955 iis,
1090 2896 1161 2941 uae-

138 2963 170 3029 vi
191 2973 223 3028 et
240 2973 358 3029 natura
380 2984 438 3027 sua
464 2970 650 3026 constarent
668 2983 706 3026 ac
728 2984 786 3046 per
812 2983 845 3026 se
865 2971 973 3026 essent
992 2958 1034 3025 ab
1082 2970 1151 3035 uta,

135 3059 294 3135 quatenus
309 3057 444 3114 essent
465 3045 527 3133 (eta
541 3045 697 3110 Daseia
716 3046 849 3130 banea),
869 3044 1034 3111 relationis
1047 3038 1150 3109 vsrtu·

135 3143 199 3198 tem
218 3145 314 3217 atque
334 3131 545 3198 mutationem
559 3129 755 3196 attribuisse.
784 3129 838 3195 De
863 3151 981 3214 quare
1000 3125 1153 3213 quoniam

134 3216 168 3279 in
182 3215 278 3280 Prole
303 3217 424 3279 omenis
438 3216 480 3279 ad
494 3215 721 3278 Parmenidem
735 3224 768 3278 et
782 3215 824 3277 ad
840 3211 1026 3300 Sophistam
1041 3210 1152 3296 copio-

135 3299 204 3364 sius
232 3321 295 3384 exp
308 3298 477 3373 ‘cavimua
503 3295 563 3361 hoc
586 3297 657 3360 loco
681 3297 794 3380 paucis
817 3298 980 3363 monuisse
1002 3294 1151 3363 sufficiet.

64 3433 68 3439 .
136 3381 268 3447 Tribuit
290 3382 392 3468 igitur
415 3403 502 3445 nunc
523 3379 638 3445 animis
659 3380 819 3481 duplicem
838 3389 1000 3467 tamquam
1019 3389 1151 3445 motum.

136 3467 271 3552 Duplex
290 3466 376 3532 enim
400 3476 450 3532 est
475 3486 585 3531 eorum
599 3465 753 3543 conditr03
774 3487 872 3543 mors,
893 3489 993 3565 quum
1017 3487 1055 3530 co
1097 3484 1153 3528 ore

138 3562 214 3618 sunt
229 3551 340 3628 soluti3
357 3552 433 3629 vita,
448 3549 505 3614 ubi
520 3573 593 3616 cum
608 3572 740 3636 corpore
755 3549 916 3616 coniunetr
930 3551 1054 3615 vivunt.
1102 3557 1152 3611 ta-

158 3660 199 3701 ue
227 3647 380 3722 apparet,
407 3657 565 3737 quaenam
587 3635 629 3700 sit
654 3636 704 3702 vis
733 3635 829 3701 huius
854 3630 1153 3720 argumentationis.

136 3661 269 3787 lhtenim
304 3744 383 3787 uum
396 3744 426 3787 er
441 3742 578 3805 quoque,
598 3721 685 3805 quod
698 3720 756 3786 fiat
768 3731 801 3786 et
814 3729 964 3796 mutetur,
978 3718 1014 3782 in
1029 3736 1155 3782 summa

137 3744 359 3874 vicissitudine
371 3817 479 3873 tamen
490 3812 670 3873 constantia
684 3815 716 3870 et
731 3803 952 3890 aequabilitas,
967 3801 1101 3890 propria
1110 3796 1154 3865 sit

136 3987 335 3997 ——m--u

169 4090 195 4153 *)
213 4095 242 4143 P.
264 4096 294 4143 ro
313 4090 411 4146 aaa
430 4093 459 4143 n.
518 4057 521 4061 ’
