2604 4620
135 236 224 283 XLVI
323 284 326 289 ,
510 226 776 276 PROLEGOMENA

135 386 287 465 oratione,
308 406 406 469 quarn
418 381 542 461 recitat,
564 372 611 448 'sic
624 380 850 447 existimamus.
871 376 1147 447 Eatilluomlno

133 472 439 557 quidem-perquam
460 468 599 556 elegans,
626 476 764 532 venusta
789 476 821 531 et
865 464 1026 567 erspicua,
1053 465 1145 535 itern-

136 579 200 643 que
220 554 406 620 facetiarum
427 553 534 640 lepore
555 562 587 618 et
608 549 787 616 dicacitatis
808 488 990 616 urbamtate
1008 550 1149 638 insigni-

137 651 185 707 ter
209 639 357 726 perlusa,
388 638 504 723 quibus
535 636 707 702 mutibus
739 656 850 700 omnes
876 644 992 721 poetae
1020 634 1151 701 fabulas

136 724 303 825 splendere
323 723 482 800 novimus3
510 722 567 787 sed
586 720 683 786 habet
703 720 825 799 eadem,
847 720 967 784 utiam
981 720 1150 808 signitica-¹

135 831 252 888 ramus,
274 809 369 876 etiam
390 808 469 875 vitia
488 806 576 872 haud
596 807 721 892 exigna.
753 804 836 870 Nam
857 804 997 891 primum
1010 804 1150 891 quidem

137 904 205 959 tota
224 893 334 960 haeret
354 894 388 959 in
408 891 550 979 physicis
570 902 777 975 versaturque
798 890 890 955 unice
911 889 979 955 fera
1001 890 1038 955 in
1052 912 1149 957 caus

137 979 192 1058 sis,
213 976 329 1063 quibus
349 977 501 1042 naturalis
522 998 558 1042 er
620 975 699 1041 alios
719 975 837 1040 amoris
858 975 993 1040 affectus
1013 975 1150 1055 nitatur,

137 1063 255 1130 comice
280 1084 319 1128 ac
346 1058 527 1127 ioculariter
551 999 757 1126 dllsseandis.
792 1057 1010 1141 Quamobrem
1036 1060 1151 1127 existi·

136 1170 224 1213 mare
251 1147 326 1214 licet
352 1145 601 1232 Aristophanem
629 1166 755 1230 quoque
781 1168 801 1210 a
822 1144 956 1211 Platone
980 1144 1069 1212 inter
1094 1168 1151 1213 cos

136 1233 281 1300 habitum
301 1254 383 1311 esse,
405 1231 461 1316 qui
480 1238 546 1295 non
565 1229 650 1295 ultra
662 1231 784 1318 vulgus
795 1238 982 1317 superarent
994 1240 1031 1296 et
1043 1252 1150 1315 quan·

138 1329 207 1384 tum
227 1319 309 1383 inter
330 1316 472 1403 corporis
492 1325 586 1400 atque
607 1314 704 1380 animi
725 1336 865 1380 amorem
883 1312 1025 1394 intersit,
1043 1316 1150 1381 haud·

137 1424 297 1488 quaquam
318 1401 544 1489 perspicerent,
566 1400 710 1484 adeoque
731 1401 826 1466 talem
842 1421 913 1465 esse
926 1399 1149 1480 informatum,

136 1487 193 1573 qui
216 1485 398 1553 Socraticae
425 1485 599 1572 sapientiae
625 1485 691 1551 vim
717 1495 750 1550 et
778 1483 1020 1571 amplitudinem
1039 1496 1150 1552 manto

136 1572 306 1673 animoque
327 1595 385 1638 suo
403 1593 519 1657 capere
536 1570 781 1655 haudquaquam
794 1579 918 1656 possete
931 1568 1063 1637 Deinde
1075 1592 1149 1638 ora·

137 1656 182 1722 tio
203 1656 316 1744 ipsrus,
339 1655 542 1742 quantumvis
557 1657 663 1742 specie
677 1677 736 1720 sua
749 1654 858 1733 niteat,
880 1665 986 1721 tamen
1000 1655 1149 1723 acumine

136 1740 302 1807 dialectico
323 1753 419 1827 atque
440 1763 534 1807 verae
560 1739 743 1806 subtilitatis
768 1739 863 1804 laude
888 1762 1039 1827 magnam
1060 1750 1147 1808 carte

227 1848 259 1891 m
302 1826 374 1892 lane
395 1827 547 1892 destituta
568 1836 626 1890 est.
648 1823 731 1889 Nam
750 1823 938 1912 figmentum
954 1825 1082 1909 quidun
1100 1826 1142 1891 il-

135 1838 348 2011 pppeffippcis
370 1912 495 1998 generis
515 1910 678 1975 hominum
705 1909 800 1974 trium
819 1908 1050 1995 primitivorum
1067 1908 1139 1994 quis

135 2018 201 2061 non
228 1996 317 2061 vrdet
344 1996 523 2082 speciosum
566 1994 649 2060 otius
671 2005 703 2059 et
723 2004 872 2082 argutum
893 2016 965 2059 esse
987 2014 1078 2082 quam
1095 1992 1135 2057 ad

136 2102 205 2145 rem
225 2081 421 2178 propositam
441 2102 525 2145 nova
542 2017 615 2144 lucc
630 2079 873 2145 collustrandam
885 2078 1056 2145 idoneum?
1071 2076 1137 2145 lle·

136 2185 200 2248 que
225 2185 315 2228 varra
340 2163 455 2228 amoris
480 2185 599 2250 genera
625 2163 665 2230 ab
692 2186 730 2229 ec
752 2164 828 2229 satis
850 2163 1010 2230 subtiliter
1028 2162 1140 2231 disb'n·

182 2256 289 2326 untur,
310 2246 406 2313 immo
420 2248 536 2314 misera
549 2249 803 2328 confsmduntur;
824 2249 859 2314 id
873 2248 959 2333 quod
973 2260 1062 2317 tanto
1073 2270 1142 2317 mo-

149 2331 248 2397 estius
269 2332 395 2412 accidit,
423 2334 510 2419 quod
534 2334 599 2399 iam
626 2357 664 2399 su
706 2334 805 2400 riores
825 2344 966 2399 oratores
988 2356 1028 2400 ea
1047 2335 1089 2401 de
1107 2356 1144 2399 ro

136 2438 201 2483 non
220 2417 419 2484 incommode
440 2418 603 2485 dixissent
670 2440 802 2484 severo
829 2418 908 2484 illud
929 2419 1025 2485 facile
1046 2440 1140 2486 mcu-

137 2502 267 2581 saveris,
290 2504 375 2586 quod
396 2504 451 2569 ubi
473 2526 575 2570 sermo
596 2503 725 2580 devenit
746 2504 875 2568 tandem
894 2503 937 2577 ad
954 2503 1053 2571 sexus
1064 2502 1139 2570 viri-

136 2586 176 2652 lis
197 2610 347 2666 amorem,
368 2587 421 2653 hic
441 2599 593 2674 protenus
615 2588 656 2653 ad
676 2588 845 2653 honestum
860 2598 1005 2675 spectare
1018 2589 1142 2657 didas

136 2672 262 2759 Nempe
284 2673 344 2737 etsi
365 2671 443 2737 haec
465 2673 619 2738 sententia
632 2670 840 2758 Aristophani
860 2695 987 2775 quoque
1008 2674 1143 2761 probata¹

137 2768 196 2835 est,
226 2778 322 2841 quem
347 2756 494 2822 norimus
519 2757 554 2821 in
580 2756 698 2822 fabulis
719 2758 784 2822 suis
812 2759 998 2845 saepissrme
1149 2802 1153 2809 ·

136 2842 275 2908 virorum
303 2841 476 2908 lubidinem
505 2842 733 2943 exagitavisse,
767 2854 872 2909 amen
899 2866 984 2911 nuuc
1012 2769 1144 2929 dildid

137 2950 269 2993 caussae
296 2938 330 2992 et
357 2928 506 3006 rationes,
534 2925 650 3012 qmbus
679 2950 717 2995 ea
736 2929 866 3007 nitatur,
894 2928 975 2994 adeo
999 2952 1065 2996 non
1084 2952 1142 2995 ex·

137 3012 275 3159 plicatae
290 3023 374 3093 sunt,
389 3013 484 3079 immo
498 3035 539 3079 ne
554 3011 750 3103 significatae
763 3012 904 3097 quidem,
918 3024 956 3079 nt
968 3036 1140 3101 propemo-

159 3119 215 3162 um
236 3097 360 3163 mireris
381 3099 536 3164 comicum
556 3107 631 3186 post
650 3120 698 3178 ea,
721 3120 802 3200 quae
824 3108 917 3164 autea
931 3099 1138 3186 exposuisset,

135 3180 199 3244 iam
213 3181 387 3267 derepente
400 3183 482 3249 hauc
497 3184 590 3249 talem
605 3193 791 3249 sententiam
801 3205 977 3270 proponere
1031 3184 1136 3249 tuisse.

136 3262 185 3326 At
204 3265 352 3331 nimirum
374 3278 460 3332 caret
474 3270 548 3344 ,eius
575 3270 621 3334 rei
642 3268 797 3355 expositio
824 3268 952 3335 omnino
1001 3266 1135 3333 'dardos

139 3346 321 3428 subtilitate,
347 3360 385 3415 ut
408 3352 593 3452 neutiquam
612 3353 791 3418 mirandum
813 3353 854 3418 sit
881 3376 953 3418 eum
979 3353 1031 3419 hic
1054 3371 1134 3434 quo·

137 3452 199 3515 que
222 3443 383 3498 versatum
404 3457 475 3501 esse
495 3436 651 3502 boentius.
674 3436 734 3502 Est
754 3437 853 3524 igitur
869 3448 934 3504 tota
947 3434 1136 3525 Aristopha-

137 3516 187 3580 nis
208 3516 317 3594 oratio,
344 3520 490 3601 quamvis
512 3522 697 3587 elocutionis
718 3534 832 3588 ornatu
853 3533 884 3588 et
905 3520 1048 3590 dictionis
1069 3520 1137 3587 ele·

137 3600 246 3688 gartia
261 3602 404 3680 excellat,
425 3614 529 3669 tamen
542 3605 587 3670 ita
602 3619 792 3693 comparata,
814 3618 849 3673 ut
863 3619 1023 3675 auctorem
1034 3605 1138 3694 ipsius

137 3710 158 3751 a
182 3686 399 3774 philosophiae
428 3684 536 3756 studio'
563 3692 718 3756 mansisse
750 3692 932 3769 alieniorem
962 3714 1066 3795 neque
1097 3691 1139 3757 ad

137 3770 317 3839 Socraticae
339 3773 512 3860 sapientiae
532 3776 658 3842 laudem
672 3776 853 3862 adspirasse
868 3788 923 3842 aut
935 3800 1070 3866 proprus
1084 3800 1139 3843 ac-

137 3859 270 3924 cessisse
290 3858 534 3927 luculentissims
557 3871 699 3927 testetur.
737 3860 833 3943 Quod
855 3864 881 3929 si
901 3863 946 3928 ita
966 3874 1026 3942 est,
1052 3861 1140 3928 haud

138 3964 214 4008 sane
236 3954 352 4010 temere
373 3946 531 4026 coniicias,
553 3969 635 4032 quae
657 3968 769 4012 caussa
781 3946 946 4013 Platonem
967 3948 1141 4036 impulerit,

136 4037 171 4090 ut
185 4027 313 4110 homini,
337 4033 480 4115 quamvis
494 4030 653 4117 quondam
667 4027 807 4096 Socratis
821 4033 1012 4111 adversario,
1033 4044 1138 4099 tamen
