2604 4620
427 246 639 321 cunano.
663 280 693 340 p.
719 261 789 326 ur.
814 260 861 325 st.
1084 263 1149 325 ena
1217 326 1219 336 ,

136 427 261 506 τόπου,
284 430 355 494 ἔστι
388 429 420 496 δ’
460 427 518 508 οῦς
549 435 604 497 καὶ
635 435 858 522 βραχυτλρους
882 433 928 517 τῷ
954 429 1063 518 βάθει
1087 436 1202 503 τοῦθ
1260 454 1264 467 ·

127 526 263 598 ,ἐνθάδε
303 527 390 596 εἶναι
423 535 478 601 καὶ
512 535 743 618 πλατυτέρους.
781 531 920 611 τούτους
953 536 987 600 δὲ
1019 532 1150 615 πάντας

138 624 203 696 ἀπὸ
227 630 291 715 γῆν
315 635 361 706 εἰς
385 627 549 712 ἀλλήλους
573 636 822 718 συντετρήσθαί
847 659 880 701 τε
902 637 1067 727 πολλαχῇ,
1093 639 1149 702 καὶ

140 723 226 797 κατά
255 725 431 816 στενὸτερα
458 735 514 798 καὶ
546 730 795 818 supermananti
821 731 985 814 διεξόδους
1008 739 1101 820 ἔχειν,
1127 725 1147 829 ή

136 826 222 896 πολὺ
250 833 311 914 μὲν
337 825 425 916 ὕδωρ
451 827 521 920 ῥεῖν
547 832 581 912 ἐξ
605 829 760 913 ἀλλήλων
782 841 827 912 εὶς
842 830 1015 915 ἀλλήλους,
1042 831 1168 924 ὥςπερ,

138 937 184 1007 εἰς
209 932 387 1018 κρατῆρας,
412 934 468 997 καὶ
493 929 626 1023 ἀενάων
651 936 814 1020 ποταμῶν
838 931 996 1020 ἀμήχανα
1022 939 1151 1021 μεγέθη

137 1025 204 1096 ὑπὸ
232 1026 294 1111 τήν
320 1033 384 1112 γῆν
409 1034 465 1097 καὶ
491 1036 631 1119 θερμῶν
655 1029 789 1100 ὑδάτων
814 1038 871 1102 καὶ
893 1037 1040 1127 ψυχρῶν,
1065 1031 1152 1102 πολὺ

139 1133 173 1196 δὲ
207 1133 272 1218 πῦρ
308 1132 364 1197 καὶ
396 1128 502 1219 πυρὸς
532 1128 697 1218 μεγάλους
721 1132 910 1222 ποταμούς,
943 1131 1091 1212 πολλοῦς
1117 1137 1151 1201 δὲ

107 1309 110 1314 .
140 1227 243 1318 hypati
269 1231 376 1311 πηλοῦ
402 1234 458 1297 καὶ
484 1237 727 1323 καθαρωτέρου
753 1237 809 1319 καὶ
832 1236 1152 1322 βορβορωδεστέρου,

137 1327 243 1417 ὥςπερ
269 1337 304 1397 ἐν
331 1331 473 1416 Σικελία
497 1339 530 1398 οἱ
556 1329 621 1419 πρὸ
648 1337 709 1401 τοῦ
735 1331 860 1425 ῥύακος
884 1337 992 1414 πηλοῦ
1019 1330 1150 1422 ῥέοντες
1177 1347 1203 1408 Ε

137 1433 284 1515 ποταμοὶ
306 1434 362 1497 καὶ
388 1427 491 1508 αὐτὸς
513 1429 532 1499 ὁ
559 1430 661 1518 ῥῦαξ·
686 1424 734 1501 ὧν
759 1431 799 1516 δή
817 1437 874 1502 καὶ
893 1431 1051 1512 ἑκάστους
1069 1430 1151 1513 τοὺς

140 1526 266 1607 τόπους
290 1532 525 1617 πληροῦσθαι,
559 1523 604 1599 ὧν
630 1528 674 1596 tin
699 1529 850 1611 ἑκάστοις
876 1533 956 1627 τύχη
991 1530 1147 1602 ἑκάστοτε

139 1626 160 1707 ἡ
187 1623 349 1717 περιρῥοή
375 1636 563 1713 γιγνομένη.
597 1633 704 1695 ταῦτα
740 1636 773 1699 δὲ
805 1629 918 1700 πάντα
948 1646 1051 1702 κινεῖν
1076 1629 1171 1702 ἀνω.

138 1887 199 1946 645.
220 1886 368 1952 Bernhardy
383 1889 457 1956 Syut.
470 1906 494 1955 p.
507 1888 568 1947 290.
581 1897 608 1942 et
625 1892 704 1958 intpp.
722 1892 754 1943 ad
774 1890 892 1957 Xenoph.
907 1892 1001 1957 Cyrop.
1021 1894 1039 1945 1.
1050 1892 1089 1954 ,3,
1108 1893 1150 1947 15.

208 1957 240 2010 D·
284 1955 336 2018 “sti
365 1957 447 2015 κατὰ
475 1956 673 2027 στενότερα]
701 1955 781 2013 Coiei.
808 1960 867 2012 Par.
894 1960 928 2012 G.
956 1959 998 2009 nai
1023 1959 1150 2011 κατὰ,τά

139 2023 287 2089 στενότερα.
308 2025 382 2079 Boni.
401 2024 427 2075 in
445 2041 525 2090 marg.
542 2027 606 2078 Zitt.
628 2034 654 2078 et
673 2029 776 2081 Vena.
797 2025 946 2096 στενότερα.
974 2027 1054 2079 ΜεΙε.
1083 2028 1151 2080 Vere

138 2096 251 2162 Etymoi.
271 2093 360 2157 Magn.
377 2110 401 2158 p.
412 2095 472 2147 275.
490 2096 612 2144 observat
628 2095 785 2152 στενότατος
803 2101 830 2146 et
848 2095 985 2153 κακότατος
1003 2096 1068 2158 dici,
1086 2093 1151 2163 άπερ

134 2163 204 2226 aprici
221 2160 273 2210 ἀπὸ
294 2166 343 2211 τοῦ
360 2160 493 2217 στεινὸς
511 2163 553 2211 nni
571 2163 681 2220 κεινὰς
699 2169 837 2228 γεγονέναι.
857 2163 924 2215 conf.
939 2164 1009 2216 Tim.
1021 2164 1104 2228 p·'ssss·
1119 2165 1152 2219 D.

137 2229 258 2295 Xenoph.
277 2230 338 2293 Cyr.
355 2229 389 2280 ΙΙ.
407 2229 438 2291 4,
458 2229 481 2282 3.
503 2230 584 2280 Anah.
604 2231 648 2283 lli.
666 2233 699 2296 4,
720 2233 759 2287 19.
778 2233 926 2287 Buttmann.
945 2233 993 2283 Gr.
1012 2234 1096 2298 Amph
1117 2231 1149 2287 Τ.
1169 2265 1180 2276 -

138 2300 158 2351 1.
175 2316 201 2365 p.
219 2297 278 2353 ⁶264.
298 2297 423 2350 Matthiae
442 2298 475 2350 T.
494 2299 513 2348 i.
534 2314 559 2363 p.
579 2297 638 2354 250.
1065 2305 1070 2315 ⁴
1208 2322 1219 2333 ·

208 2367 260 2415 καὶ
285 2363 407 2414 ἀενάων
435 2372 613 2431 ποταμῶν]
643 2366 710 2421 Vett.
730 2368 803 2421 editi.
821 2364 943 2419 ἀεννάων.
978 2367 1063 2418 Recte
1079 2366 1151 2420 Flor.

106 2488 116 2505 Ι
138 2452 162 2488 c.
180 2435 247 2486 Zitt.
266 2431 372 2486 ἀενάων.
390 2435 479 2487 Απιὶιτ.
497 2432 595 2483 ἀενέων.
615 2450 640 2486 v.
660 2435 771 2487 Piersou
789 2435 822 2487 ad
842 2435 925 2488 Moer.
943 2451 968 2500 p.
986 2434 1019 2487 23
1040 2451 1077 2500 eq.

131 2558 135 2564 ,
209 2503 239 2554 Ε.
275 2495 669 2570 ιδυάκὲκοίστοιςτάχχ]
698 2504 766 2558 vett.
785 2504 858 2558 editt.
878 2503 966 2571 inepte
982 2501 1060 2568 τύχοι
1076 2517 1152 2570 prae-

137 2580 178 2625 ter
194 2571 270 2623 iidem
289 2571 406 2622 codicum
424 2570 480 2623 iere
498 2571 620 2623 omnium.

137 2742 207 2818 qui
243 2740 488 2808 profundiores
523 2741 623 2803 aiut,
674 2739 1075 2807 tnr‚reprehendithriatut.
1097 2738 1156 2793 hie-

138 2811 244 2864 miuus
262 2815 511 2875 eaeepateutee
530 2824 623 2873 quam
674 2811 766 2860 teoroi.
785 2810 818 2861 ll.
834 2808 860 2862 2.

139 2877 625 2942 iubae-nostruierruepnrte.
708 2875 870 2927 καὶκατὰ
894 2875 1079 2942 στενότερα
1102 2874 1168 2924 κάλ’
1221 2895 1223 2901 ·

137 2947 206 2999 Nam
224 2951 273 2999 τοῦ
287 2945 382 2997 ἐνθάδε
409 2945 495 3016 τόαρυ
514 2945 625 2996 breuiter
675 2943 862 3012 εὐρύτερα]
903 2951 938 2997 et
978 2943 1157 3008 augustin·
1258 2939 1261 2946 '

138 3015 237 3101 riictum
273 3031 321 3080 pro
351 3014 367 3079 εἲ
399 3017 425 3064 ἐκ
454 3017 473 3083 pi
505 3015 625 3080 οἰκοῦμεν
675 3014 767 3063 ribus
798 3019 829 3064 et
852 3012 1036 3064 latioribus
1068 3025 1157 3061 men·-

92 3206 95 3215 ,
139 3101 384 3216 ημῦῦςῦιδὲοῦς]
409 3147 623 3204 hebionei&-
676 3082 897 3215 ωῦδῦθιῶςπερ
934 3146 965 3195 ἐν
999 3144 1155 3210 Σικελίᾳ]

86 3224 91 3230 ’
138 3219 394 3284 v.Matthiae§.
413 3217 474 3272 482,
671 3216 752 3272 'Primi
789 3216 883 3267 eximie
917 3214 967 3265 dici
1004 3214 1089 3265 solere
1125 3213 1159 3267 de
1224 3248 1228 3252 -

175 3289 207 3343 D·
226 3287 375 3346 τούτους
392 3287 425 3337 δὲ
444 3283 624 3349 πάντας-Ἰ
675 3288 772 3338 fluento
794 3284 992 3348 liquefacturum
1012 3283 1125 3347 lapidurn
1143 3299 1158 3336 e

139 3359 264 3427 Sequitur
287 3363 373 3408 terrac
399 3355 497 3406 interae
526 3352 625 3404 descri—
677 3355 792 3405 inucibua
812 3355 910 3404 hetnae
921 3354 1098 3418 prorumpenti
1109 3352 1159 3403 do-

137 3427 207 3493 ptiu,
240 3442 307 3491 quae
330 3421 552 3489 ‚quemadmodum
580 3421 626 3472 tri-
677 3424 731 3474 cuit
759 3420 952 3485 Weeseiing.
989 3420 1021 3471 ad
1049 3420 1157 3474 Dicdur.

139 3500 207 3546 utem
237 3493 417 3557 horridamque
440 3491 503 3542 Orci
533 3489 625 3554 imagi-
677 3492 757 3544 Sicui.
778 3491 808 3544 V.
826 3489 851 3544 6.
870 3488 1036 3544 ernnust).
1067 3489 1159 3554 ltaque

138 3572 196 3614 netu
217 3560 333 3625 exhibet,
356 3562 391 3612 ita
411 3560 511 3624 etipsa
530 3559 624 3611 muitas
643 3609 646 3611 ,
677 3562 703 3610 oi
720 3558 769 3626 πρὸ
790 3566 838 3609 τοῦ
857 3557 953 3622 ρ’ἀακος
965 3558 1050 3622 πηλοῦ
1060 3555 1160 3622 ῥέοντες

136 3624 217 3683 hahet
235 3630 418 3692 difficultates,
443 3634 471 3678 ut
488 3643 538 3677 non
557 3627 625 3678 maie
675 3628 795 3695 ποταμοὶ
821 3628 995 3694 intelliguntur
1016 3627 1078 3676 rivi
1102 3624 1159 3676 iuti

139 3698 277 3755 videantur
290 3697 427 3758 iudicasse,
446 3696 488 3762 qui
501 3711 581 3761 quum
598 3695 640 3748 inv
675 3704 774 3761 atque
790 3697 929 3760 cineris,
953 3710 1035 3760 quoa
1054 3698 1159 3743 Aetna

138 3767 260 3819 universa
277 3767 326 3826 hac
338 3765 484 3818 narratione
502 3763 623 3829 mythice,
676 3766 812 3828 evomit,
840 3764 1033 3831 priusquam
1059 3775 1159 3811 erum·

139 3843 194 3886 tum
205 3835 231 3887 iu
246 3835 294 3887 hac
304 3841 383 3900 parte
396 3833 544 3900 praecipue,
557 3847 625 3896 quae
676 3831 756 3898 p'uut
779 3834 876 3898 ignea
899 3832 1037 3882 fluenta.
1074 3827 1113 3876 De
1130 3841 1160 3877 re

139 3904 173 3956 de
192 3903 258 3956 iocis
284 3903 373 3955 inieris
392 3903 461 3967 egit,
487 3901 624 3952 veritatem
676 3903 732 3968 ipsa
765 3901 833 3951 coni.
864 3894 1056 3950 Humhoidii
1083 3895 1160 3945 Coa-

136 3987 219 4037 ,quam
249 3977 344 4025 vocant
366 3972 495 4037 poeticam
522 3968 626 4021 deside·
677 3985 760 4021 mum
779 3970 837 4021 Vni.
857 3967 877 4017 1.
897 3983 923 4032 p.
941 3963 1001 4019 450.
1020 3978 1074 4027 eq„

114 4040 189 4092 'reri
207 4040 404 4093 contenderunt.
441 4037 627 4102 Ethuncqni·
713 4043 821 4088 ταῦτα
846 4035 879 4086 δὲ
904 4031 1015 4085 πάντα
1044 4029 1159 4099 κινεῖν]

140 4107 200 4171 dein
219 4111 322 4172 locum,
341 4107 387 4172 qui
404 4108 521 4171 proxime
541 4104 627 4170 sequi·
679 4103 950 4173 olympiodorum
968 4105 1019 4163 avie
1035 4097 1162 4150 τῶνδπο-
1194 4118 1197 4129 =
1223 4108 1226 4114 “
