2604 4620
531 275 580 323 an
603 272 816 325 srurosrun.
1061 274 1177 327 xxxnr

171 431 314 495 iunctum
333 450 414 508 esse,
435 432 473 495 u't
492 441 624 514 uterque
646 440 806 514 tamquam
829 430 1018 516 interpres<
1039 432 1122 498 inter
1143 457 1176 498 sc

172 524 282 581 mutuo
306 515 443 599 quodam
469 515 595 580 vinculo
623 515 789 601 copulatus
814 537 885 580 esse
907 516 1013 601 putari
1034 516 1175 582 deberet

171 598 257 664 Nam
274 601 412 685 primum
431 601 560 685 quidem
579 600 745 684 utriusque
765 600 855 687 origo
876 611 972 683 atque
992 598 1066 665 sons
1087 602 1176 666 visus

172 684 184 747 i
208 684 235 749 si
252 682 303 769 'est
318 685 357 749 in
376 706 442 749 una
460 685 596 750 maxime
623 684 836 783 pulcritudine
865 684 1066 767 quaerendus
1093 707 1175 751 esse.
1217 710 1220 715 ·

172 705 448 850 duemadmodum
469 769 553 845 enim
573 769 676 855 ipsius
698 768 856 834 sententie
877 769 1105 834 divinusamor
1119 793 1175 834 exe

161 853 286 919 -citatur
306 854 459 931 ineffabili
479 853 867 940 idearumpulcritudine,
888 875 1064 939 quae-sese
1077 856 1176 938 menti

168 938 204 1002 in
224 939 403 1012 dunarum
428 945 534 1002 rerum
562 938 825 1025 contemplatione
851 938 991 1003 versanti
1016 949 1177 1023 tamquam

172 1023 378 1109 spectandam
403 1021 545 1108 praebet,
572 1023 612 1087 de
638 1044 706 1107 quo
727 1020 907 1108 philosophi
933 1023 1050 1106 placito
1077 1046 1176 1110 supra

170 1107 362 1206 explicatum
391 1117 454 1185 est,
481 1108 527 1171 ita
555 1107 650 1171 etiam
675 1130 763 1173 amor
789 1108 851 1173 iste
871 1106 906 1171 in
927 1107 994 1172 vite
1016 1108 1176 1174 communi

170 1202 305 1257 usitatus
321 1204 365 1258 'ea
384 1191 606 1277 pulcritudine,
627 1214 710 1276 quae
731 1202 780 1257 est
800 1191 891 1275 quasi
913 1191 1040 1256 divinae
1054 1194 1175 1278 pulcri·
1233 1199 1235 1204 ’

170 1275 289 1342 tudinis
311 1278 438 1363 species
468 1276 502 1342 in
527 1277 666 1342 humana
685 1277 791 1363 figura
810 1277 969 1355 relucens,
999 1276 1103 1354 cietur
1125 1288 1173 1342 at·

167 1382 231 1445 que
252 1361 449 1438 accenditur3
471 1362 511 1428 de
532 1385 597 1446 qua
616 1361 773 1427 sententia
793 1361 823 1425 le
848 1361 950 1426 endus
971 1371 1021 1424 est
1034 1359 1174 1427 Phaedr.

167 1446 285 1539 p.3249.
299 1446 343 1512 D.
365 1448 438 1512 tto.
451 1446 496 1512 D.
518 1448 589 1512 251.
605 1445 646 1515 E.
681 1445 808 1511 Deinde
864 1447 929 1511 lato
955 1445 1050 1510 etiam
1078 1445 1174 1512 finem

167 1530 280 1594 statuit
299 1531 425 1615 utrique
447 1531 546 1595 amori
560 1529 792 1614 quodammodo
813 1551 1012 1596 communem
1026 1553 1108 1605 esse.
1129 1530 1175 1595 Et

167 1613 311 1680 dimnum
337 1615 466 1699 quidem
483 1632 630 1678 'amorem
658 1624 760 1678 totum
785 1613 924 1679 vidimus
950 1615 1111 1700 pertinere
1131 1617 1174 1680 ad

167 1699 295 1763 divinae
316 1698 490 1784 sapientiae
510 1699 648 1761 fructum
668 1708 700 1762 et
722 1697 943 1786 cognitionem.
967 1696 1064 1779 Quod
1085 1699 1173 1765 simi·

168 1784 240 1849 liter
261 1793 346 1848 certe
368 1784 463 1849 etiam
483 1782 524 1846 de
543 1781 676 1847 honesto
696 1804 868 1868 puerorum
896 1805 1002 1848 amore
1023 1783 1069 1848 ita
1087 1784 1171 1848 iudi-

170 1867 234 1932 cari
256 1878 387 1953 oportet
417 1867 554 1933 Tantum
575 1867 669 1933 abest
689 1866 783 1945 enim,
805 1879 842 1932 ut
862 1868 915 1935 isse
936 1867 978 1931 ad
998 1868 1173 1933 lubidinem

167 1953 357 2039 explendam
382 1953 476 2019 fuerit
504 1962 720 2053 comparatus,
748 1963 785 2017 ut
810 1952 912 2017 omnis
937 1952 978 2018 ad
1004 1954 1171 2038 καλοκάγα·

166 2037 234 2107 θέας
256 2038 395 2103 studium
415 2036 612 2122 pertinuerit,
639 2037 726 2121 quod
752 2060 772 2101 a
801 2033 936 2102 Graecis
961 2035 1171 2122 inprimisque

166 2120 416 2188 Atheniensibus
434 2121 547 2207 quanti
567 2121 783 2187 aestimatum·
797 2122 848 2199 sit,
876 2122 957 2187 adeo
977 2131 1088 2186 notum
1110 2133 1170 2201 est,

167 2216 204 2270 ut
224 2206 265 2271 de
285 2206 344 2272 hac
364 2229 399 2272 re
420 2228 578 2291 exponere
598 2207 679 2272 velle
704 2206 934 2293 propemodum
954 2206 1171 2306 importunum

166 2291 268 2357 videri
287 2291 399 2392 possit.
421 2289 487 2372 Qui
510 2313 551 2377 pe
571 2290 715 2356 innatum
738 2302 786 2357 est
806 2313 881 2356 sane
902 2313 1013 2377 genem
1030 2291 1173 2356 humano

167 2375 359 2440 desiderium
384 2315 544 2460 quoddpam
573 2387 673 2442 semet
691 2376 798 2475 ipsum
819 2375 910 2458 quasi
930 2375 1024 2440 altius
1046 2376 1168 2460 panna-

166 2461 223 2526 tim
244 2461 407 2539 educendi,
427 2461 563 2546 ideoque
583 2461 630 2525 ita
650 2461 719 2524 fieri
741 2461 867 2538 essolet,
889 2459 996 2544 utqui
1018 2472 1092 2524 sunt
1112 2483 1168 2527 ae-

167 2557 232 2612 tate
252 2547 467 2631 provectiores
486 2557 520 2612 et
539 2546 710 2632 prudentia
729 2556 823 2628 atque
841 2543 997 2630 sapientia
1010 2544 1168 2611 excellens

164 2631 261 2695 tiores
281 2630 418 2716 reliquos
439 2653 541 2717 usque
562 2642 717 2700 conentur
737 2630 779 2694 ad
798 2629 951 2695 maiorem
963 2629 1169 2695 humanitatis

168 2716 288 2781 cultum
307 2717 489 2817 perducere.
523 2715 619 2798 Quod
640 2716 768 2800 quidem
788 2714 982 2780 desiderium
1011 2714 1108 2780 etiam
1134 2714 1169 2779 in

166 2823 325 2865 commum
345 2803 411 2866 vita
425 2799 622 2868 Graecorum
634 2801 750 2865 mirum
764 2811 918 2883 quantum
937 2799 1047 2864 eluxit.
1069 2797 1168 2864 Prae»

166 2895 254 2948 terea
272 2908 347 2949 vero
368 2886 463 2950 etiam
485 2887 612 2950 tertium
633 2883 785 2969 quiddam
806 2895 865 2961 est,
890 2885 977 2948 unde
1002 2883 1169 2966 utriusque

166 2969 284 3032 amoris
311 2970 455 3053 cognatio
482 2980 514 3033 et
540 2969 740 3034 necessitudo
766 2967 987 3053 perspiciatur.
1023 2966 1171 3031 Pertinet

166 3050 253 3115 enim
272 3061 403 3134 uterque
424 3075 512 3118 amor
530 3074 595 3116 non
616 3053 658 3115 ad
679 3052 824 3127 feminas,
847 3050 903 3114 sed
924 3051 966 3114 ad
985 3072 1090 3115 mares
1117 3049 1168 3115 in·

165 3134 341 3221 primisque
363 3135 522 3201 erectioris
546 3134 667 3222 ingenii
687 3135 914 3200 adolescentes.
948 3133 1045 3215 Quod
1065 3156 1168 3218 quan·

166 3219 285 3286 tumvis
312 3221 414 3311 primo
439 3220 592 3306 adspectu
619 3221 792 3307 permirum
818 3217 973 3296 videaum
999 3231 1106 3284 tamen
1133 3242 1169 3285 re

167 3306 346 3371 accuratius
373 3305 500 3407 cognita
525 3305 656 3392 inipso
683 3304 752 3369 eius
782 3313 898 3370 natura
928 3305 1067 3391 positum
1098 3323 1168 3369 esse

165 3391 254 3456 nullo
268 3391 396 3492 negotio
415 3390 618 3477 intelligetur.
640 3389 770 3455 Etenim
786 3388 924 3474 primum
945 3389 1073 3474 quidem
1091 3388 1167 3455 Pla—

167 3476 290 3541 tonicus
310 3477 363 3542 rlle
384 3496 483 3554 amor,
511 3498 605 3559 quem
624 3472 831 3562 philosophus
857 3473 1046 3559 sapientium
1067 3474 1169 3539 voluit

167 3583 238 3626 esse
258 3562 432 3646 proprium,
455 3583 511 3626 our
530 3583 594 3626 non
615 3560 657 3624 ad
676 3560 824 3624 mulieres
847 3559 1014 3646 pertineat,
1036 3581 1167 3624 mussas

167 3644 202 3707 in
222 3657 348 3730 promtu
369 3657 451 3711 sunt
472 3644 556 3710 Nam
577 3645 851 3731 philosophantem
871 3643 1037 3709 mulierem
1058 3666 1094 3708 ec
1117 3642 1168 3707 uie

170 3736 221 3793 est
243 3731 320 3813 quin
351 3732 481 3796 miretur
511 3741 672 3813 tamquam
703 3729 862 3818 singulare
894 3728 1064 3812 quiddam?
1138 3739 1168 3789 st

168 3811 254 3877 enim
278 3814 433 3900 profacto·
443 3815 607 3881 muliebris
634 3812 756 3903 ingenii
782 3836 820 3879 ea
846 3812 983 3889 indoles,
1018 3831 1099 3893 quae
1125 3808 1167 3872 ad

169 3897 382 3986 philosophiae
404 3901 628 3968 sublimitatem
649 3898 893 3984 haudquaquam
911 3898 997 3961 facta
1010 3894 1165 3968 videatur,

168 3994 206 4046 ut
226 3981 295 4048 iure
314 3984 347 4047 in
366 3985 525 4051 miraculis
545 3995 739 4062 numeretur,
762 3983 790 4048 si
804 4004 867 4066 que
880 3981 993 4045 mulier
1005 3975 1167 4043 Diotimae

132 4112 142 4133 .
168 4069 271 4133 instar
290 4067 360 4154 ipsa
379 4068 594 4154 philosophiae
615 4069 789 4156 penetralia
813 4064 977 4132 intraverit
997 4072 1094 4144 atque
1116 4082 1167 4126 sa·

204 4157 268 4208 Plat.
281 4157 346 4222 opp.
363 4156 423 4208 Vol.
435 4159 455 4208 1.
473 4159 538 4209 sect.
550 4156 599 4208 ΠΙ.
905 4149 966 4184 *⁴⁸⁵*
