2604 4620
442 249 655 318 rnanoo.
678 270 710 331 ρ.
731 248 787 344 ss.
807 250 855 322 aa.
1091 247 1155 310 m

137 429 322 524 ὄυυότερου
346 433 400 499 ἐπὶ
424 429 642 518 βεβαιοτέρου
677 421 847 513 ὀχήματος
879 421 901 510 ἢ
926 421 1030 512 λόγου
1055 430 1157 500 θείου

136 529 231 614 τινὸς
256 531 539 622 διαπορευθνὶςυαε.
565 529 622 594 καὶ
649 522 691 608 δὴ
709 527 766 593 καὶ
787 528 850 595 νῦν
867 530 965 613 lyuys
986 525 1046 596 οὐκ
1064 534 1157 598 ἔνιαι·

140 633 382 723 οχυνθήοομαι
417 632 574 720 ἐρέσθαι,
612 622 721 707 ἐπειδὴ
755 630 811 694 καὶ
841 622 882 694 οὐ
916 629 1024 695 ταῦτα
1045 631 1156 715 λέγεις,

140 736 219 810 οὐδὲ
246 730 393 822 ἐμαυτὸν
420 727 622 815 αἰτιάσομαι
643 733 679 795 ἐν
706 722 830 816 ὑστέρῳ
852 722 983 813 χρόνῳ,
1017 723 1070 796 ὅτι
1093 732 1157 799 νῦν

139 835 202 906 οὐκ
225 831 321 905 εἶπον
344 829 368 899 ἃ
390 833 464 919 ἐμοὶ
490 832 590 899 δοκεῖ.
617 829 691 915 ἐμοὶ
710 822 787 918 γάρ,
812 817 1047 917 ὦΣώνραςες,
1072 837 1159 899 tars-

171 1055 174 1059 ’
212 1026 229 1079 ii
256 1025 333 1095 ἐμοὶ
361 1023 463 1091 δοκεῖ]
490 1024 520 1077 V.
541 1044 607 1091 μοι,
632 1023 718 1076 invitis
740 1022 819 1074 Bodl.
843 1023 908 1074 Ven.
938 1022 1001 1079 ΞΠ.
1027 1022 1103 1077 Vind.
1125 1025 1157 1074 Y.

143 1096 247 1153 Deinde
265 1099 331 1162 Aug.
352 1095 411 1161 ἐμοὶ
427 1097 473 1162 μὲν
491 1091 541 1162 μὰρ
557 1087 577 1144 ὦ
595 1095 643 1158 Σ.,
661 1091 788 1159 probante
804 1089 967 1142 Heindorlio.

680 1259 839 1323 exquirat
861 1261 1041 1325 rationem,
1067 1269 1162 1317 certa

679 1328 811 1392 quidem
831 1328 993 1394 optimam
1011 1329 1162 1384 humana-

126 1262 360 1328 assequerentur,
382 1262 454 1328 quod
470 1250 567 1325 verum,
585 1276 629 1312 re-

144 1340 214 1385 ctum
231 1348 263 1383 ao
281 1331 407 1384 laudabile
425 1337 510 1394 esset3
529 1346 543 1380 v
571 1330 629 1383 lon.

144 1418 170 1469 p.
188 1399 240 1454 534
266 1401 297 1453 A.
317 1400 348 1451 Β.
369 1399 477 1454 (1.536.
498 1400 529 1449 Ι).
556 1399 628 1464 Apo-

144 1473 197 1537 log.
216 1470 290 1522 Soor.
309 1485 334 1535 p.
353 1469 395 1522 22.
416 1472 446 1522 Α.
466 1467 536 1519 Men.
549 1484 573 1533 p.
586 1465 628 1520 99.

145 1539 176 1590 G.
203 1538 236 1589 Ι).
261 1537 294 1588 Ε.
320 1538 351 1589 al.
391 1539 480 1603 Atque
511 1536 628 1586 similiter

144 1607 222 1660 etiam
249 1621 294 1667 ea,
319 1619 386 1671 quae
409 1606 461 1657 isto
485 1604 566 1655 modo
584 1601 631 1654 llo-

144 1675 257 1726 minibus
291 1673 472 1737 obtingentem,
507 1677 535 1721 et
568 1674 632 1718 θεῖα

145 1743 210 1793 dixit
233 1746 260 1790 ei
284 1742 348 1803 θείᾳ
372 1743 452 1805 μοίρᾳ
472 1739 514 1788 'iifl
538 1737 634 1787 tribula

145 1808 278 1861 iudicavit.
309 1807 384 1857 Unde
397 1809 559 1858 memoratur
571 1805 634 1853 θεία

145 1876 222 1943 φύσις
249 1876 289 1927 De
312 1877 380 1941 Rep.
407 1875 440 1925 ll.
465 1889 492 1939 p.
519 1871 579 1925 366.
602 1872 634 1925 C.

145 1946 189 1999 vl.
215 1962 231 2011 p
258 1943 318 1997 493.
337 1944 368 1994 A.
392 1945 450 1994 coll.
469 1940 529 1995 492.
550 1941 580 1990 Λ.
607 1946 634 1990 et

144 2014 206 2068 499.
235 2015 282 2076 3.,
306 2018 333 2063 et
362 2017 410 2074 τῆς
433 2014 511 2069 θείας
537 2009 634 2076 μοίρας

146 2082 249 2147 saepius
274 2097 305 2131 eo
339 2081 441 2130 nornine
468 2079 564 2129 mentio
593 2078 631 2139 lit,

146 2150 260 2204 Plraedr.
279 2164 304 2214 p.
321 2146 380 2201 244.
393 2147 424 2198 C.
444 2147 518 2198 Prot.
532 2164 558 2212 p.
572 2144 631 2199 322.

679 1411 750 1447 rurn
794 1395 962 1447 rationum
1008 1400 1163 1466 accipens

681 1479 785 1528 eaque
814 1469 982 1530 tamquam
1010 1474 1084 1519 rata
1106 1471 1163 1523 ali·

680 1548 742 1598 qua
767 1530 887 1606 fretum
912 1535 1023 1586 eonati
1041 1553 1100 1603 per
1117 1540 1164 1590 vi·

681 1607 737 1652 tae
755 1603 896 1666 pelagus
914 1604 1080 1669 navigare,
1096 1608 1163 1659 nisi

681 1668 754 1732 quis
779 1670 886 1733 possit
919 1673 1029 1723 tutius
1059 1674 1090 1724 id
1116 1675 1185 1732 ιἐε·Ι

683 1750 759 1786 cere
790 1737 819 1785 in
856 1736 1006 1790 firmiore
1041 1741 1163 1802 vehens

683 1801 843 1853 vehiculo
865 1805 933 1871 (veri
951 1807 1057 1858 seientia
1074 1815 1100 1859 et
1118 1827 1186 1862 eon

683 1868 809 1934 gnitione)
827 1885 923 1934 quam
942 1881 1039 1925 reeta
1057 1877 1164 1941 aliqua

683 1938 838 2001 opinione
874 1937 1036 1992 divinitus
1068 1947 1165 2009 quasi

683 2013 850 2072 suscepta
880 2008 1018 2060 adiutus
1050 2029 1085 2064 ac
1113 2029 1164 2065 su-

683 2078 862 2125 stentatus.
899 2075 939 2128 Ne
969 2093 1031 2131 vero
1055 2081 1164 2134 haereas

683 2144 708 2192 in
727 2143 791 2192 isto:
816 2143 832 2205 ἢ
848 2143 962 2208 μαθεῖν,
989 2146 1043 2218 ‹i'np
1061 2151 1127 2216 ίχει,
1147 2150 1163 2215 ἢ

147 2223 180 2270 Δ.
199 2218 277 2281 Apol.
296 2216 370 2269 Soor.
390 2231 416 2280 p.
435 2215 478 2268 33.
498 2215 528 2266 C.
565 2215 629 2269 Qui-

148 2287 198 2338 bus
216 2287 252 2336 ita
270 2284 394 2348 expositis
416 2290 510 2349 sponte
530 2284 632 2335 intelle·
683 2281 710 2329 lu
736 2281 817 2330 nolus
841 2280 977 2348 ὀνομάτων
998 2284 1015 2348 ἢ
1037 2292 1164 2354 μεμαθη-

147 2360 218 2406 otum
236 2354 266 2404 iri
285 2354 478 2415 existimamus,
503 2351 552 2404 hoo
573 2354 633 2403 loco
683 2346 732 2406 νώς
750 2347 766 2411 ἢ
784 2347 896 2416 εὑρηκὼς
914 2345 946 2414 ἤν
960 2349 991 2400 τὰ
1005 2355 1148 2423 πράγματα
1156 2375 1167 2418 ς

146 2424 249 2488 quinam
262 2421 363 2472 dicatur
376 2427 451 2478 θεῖος
464 2419 549 2485 λόγος.
584 2420 635 2470 Est
685 2416 749 2470 ibid.
777 2433 801 2482 p.
824 2418 885 2472 439.
910 2419 941 2469 Β.
967 2418 1056 2472 δ’ννινα
1079 2427 1166 2474 τοίνυν

147 2493 216 2554 enim
242 2491 334 2541 ratio
359 2489 467 2541 divina
495 2488 632 2555 quadam
682 2483 782 2552 τρόπον
809 2485 850 2536 δεῖ
877 2485 1025 2552 μανθάνειν
1054 2489 1070 2555 ἢ
1094 2490 1167 2560 eipl-

146 2565 286 2612 naturne
305 2560 521 2624 praestantia
535 2573 570 2609 ac
587 2556 632 2606 le·
683 2571 748 2604 σκειν
767 2551 798 2602 τὰ
818 2554 892 2608 ὄντα.
915 2557 996 2608 ΑΙοὶΙ).
1017 2558 1036 2610 i.
1057 2559 1113 2613 112.
1131 2561 1164 2616 Ι),

147 2628 283 2680 iioitate
310 2630 462 2691 inventa,
499 2629 555 2679 sive
584 2640 632 2676 re·
683 2621 746 2674 οὔτε
759 2621 857 2689 μαθὼν
875 2625 1036 2694 φαίνειααρ’
1057 2627 1166 2688 οὐδενὸς

148 2703 201 2748 uta
219 2696 349 2760 opinio,
376 2697 401 2746 iu
418 2711 495 2761 quam
517 2696 573 2761 quis
591 2694 633 2745 vel
683 2689 747 2742 οὔτ’
773 2691 855 2753 αὐτὸς
878 2692 991 2763 ἐξευρών,
1015 2697 1079 2752 lbid,
1107 2696 1164 2752 106.

148 2765 206 2816 sine
237 2763 413 2831 philosophiae
446 2765 532 2816 studio
561 2778 634 2815 mera
683 2759 715 2813 B.
733 2760 840 2813 Laehet.
859 2779 884 2828 p.
907 2763 963 2819 186.
982 2765 1014 2819 Ε.
1037 2765 1167 2836 οὔτεγὰρ

147 2833 243 2886 mentis
268 2833 395 2898 animique
415 2833 532 2885 bonitate
553 2832 634 2900 ‹leve-
683 2827 792 2897 εὑρετὴς
815 2829 876 2882 οὔτε
900 2833 1028 2900 μαθητὴς
1059 2834 1168 2893 οὐδενὸς

147 2903 225 2965 uerit,
242 2915 345 2966 quaque
362 2902 501 2954 commode
518 2902 555 2952 uti
572 2915 635 2967 pos-
683 2897 744 2964 νιερί
777 2902 827 2947 τῶν
860 2901 989 2952 τοιούτων
1028 2922 1055 2968 με
1074 2908 1167 2954 astans.

149 2969 182 3020 sil
206 2969 241 3019 ad
267 2970 349 3019 vitam
367 2968 434 3019 bene
450 2971 635 3034 tranquilleque
685 2963 820 3017 Plraeslon.
839 2980 863 3016 o.
880 2966 923 3018 47.
940 2968 1001 3019 οὔτ’
1021 2972 1054 3038 ἄρ
1086 2968 1170 3030 αὐτὸς

150 3035 306 3100 degendam.
351 3035 431 3087 (lund
454 3038 498 3086 nbi
518 3039 556 3086 ila
579 3043 635 3087 sta·
685 3030 770 3096 εὑρεῖν
793 3031 855 3082 οὔτε
873 3033 934 3100 παρ’
962 3036 1043 3085 ἄλλον
1067 3041 1170 3102 μαθεῖν

150 3104 295 3165 tulerimus,
320 3101 456 3152 universus
481 3105 555 3154 loeus
573 3117 636 3153 con·
686 3094 743 3154 οἷός
763 3097 787 3147 r'
807 3099 939 3166 ἐγενόμην.
958 3103 1063 3155 Menon.
1085 3120 1109 3169 p.
1124 3103 1167 3158 86.

151 3172 224 3224 tiuuo
251 3169 299 3220 erit
322 3168 355 3221 ad
379 3170 573 3236 intelligendum
596 3170 637 3220 la·
686 3166 719 3217 B.
746 3165 776 3218 C.
803 3165 887 3232 Legg.
910 3169 969 3221 illl.
993 3188 1018 3236 p.
1049 3171 1109 3226 968,
1138 3173 1170 3226 Ι).

682 2209 780 2280 εὑρεῖν,
800 2212 867 2264 conl.
888 2214 984 2279 Cratyl.
1001 2233 1027 2282 p.
1050 2217 1112 2272 438.
1131 2221 1163 2272 Α.

150 3240 272 3292 oillinrus.
325 3238 429 3290 Etenim
464 3237 636 3306 βεβαιότερον
686 3233 815 3287 Nimirum
838 3235 1013 3300 significantur
1039 3239 1087 3292 hae
1113 3241 1169 3294 l'or·
1275 3260 1279 3269 ⁸

150 3306 636 3443 illl.lllt⁶ltl...ll¹'mili
686 3302 849 3424 ttulit
862 3305 1170 3431 {titillltlltl

110 3466 114 3477 ·=
151 3444 319 3514 philosophus
349 3444 494 3510 ἐπιστήμην
510 3414 640 3507 ’vocavitq
686 3438 782 3503 scendi,
801 3443 884 3494 altera
902 3415 1040 3508 quaerenil
1053 3462 1171 3499 acseru-

151 3519 229 3571 θεῖος
246 3512 324 3578 λόγος
342 3520 428 3564 autem
444 3514 562 3566 estinter
573 3511 637 3572 τοὺς
686 3508 765 3562 tandi.
802 3510 877 3563 Unde
888 3512 928 3564 De
940 3515 1008 3579 Rep.
1021 3515 1056 3567 X.
1069 3533 1096 3583 p.
1110 3515 1172 3571 618.

152 3580 331 3650 ἀνθρωπίνους
349 3580 452 3648 λόγους,
471 3582 494 3635 lt.
512 3599 536 3634 e.
555 3582 636 3634 ralio-
687 3580 719 3631 C.
746 3576 845 3630 τούτου
869 3587 919 3630 τοῦ
940 3581 1105 3650 μαθήματος
1126 3585 1171 3638 καὶ

153 3666 217 3715 nes,
240 3667 306 3716 quas
330 3653 408 3716 vulgo
427 3657 569 3716 sequuntur
590 3651 637 3702 iro·
687 3647 830 3714 ζητητὴς
848 3649 892 3722 nal
908 3652 1068 3719 μαθητῆς
1087 3656 1170 3718 ἔσται,

153 3720 251 3783 mines,
279 3720 378 3771 etiamsi
408 3735 458 3771 non
486 3721 519 3771 ad
550 3727 638 3770 certae
687 3717 732 3768 ἐάν
748 3725 838 3768 ποθεν
862 3717 918 3776 οἱός
947 3719 975 3770 ν’
1002 3715 1020 3786 ἧ
1042 3725 1171 3788 μαθεῖν

155 3789 358 3852 exploratasque
375 3789 491 3840 veritatis
509 3788 637 3840 rationem
688 3787 732 3836 sai
758 3787 914 3856 ἐξευρεῖν.
951 3790 1006 3841 Sed
1030 3790 1079 3841 hoo
1101 3786 1170 3854 apud

154 3856 244 3906 studio
268 3857 411 3922 sapientiae
427 3865 526 3923 partam
544 3871 638 3923 perve-
688 3855 828 3908 Platonem
846 3857 951 3908 minime
963 3857 1108 3922 infrequens
1121 3860 1171 3907 est.

155 3925 247 3976 nerint.
288 3925 378 3990 ltaque
400 3927 528 3978 sententia
545 3926 639 3977 verbo·
687 3924 811 3976 (istorum
830 3932 915 3990 patet,
939 3926 1009 3976 istis:
1032 3927 1056 3974 εί
1076 3918 1115 3990 μή
1131 3940 1172 3981 τις

154 4006 214 4047 tum
236 3992 346 4059 denique
364 3991 414 4046 huo
435 3994 516 4050 redit:
541 4009 639 4059 opor·
688 3992 797 4045 δύναιτο
816 3998 867 4045 eta.
886 3993 975 4045 iterari
993 3999 1073 4058 atque
1091 3990 1173 4057 expll-

156 4067 243 4126 επεν,
264 4063 294 4114 si
320 4062 400 4112 llari
426 4077 488 4115 non
515 4063 637 4130 possit,
688 4063 741 4116 oari
767 4061 837 4128 quod
860 4061 1015 4113 antecessits
1040 4061 1063 4111 εί
1085 4063 1173 4115 ταῦτα

156 4135 192 4180 nt
212 4127 285 4195 qula
308 4141 417 4181 raram
440 4136 558 4184 noseat
583 4137 639 4185 ant
686 4125 997 4192 sstvawenepsut·
1026 4128 1104 4195 igitur
1132 4121 1173 4180 lu

863 4212 926 4278 9*
