2604 4620
426 216 496 291 AD
524 212 851 291 PHAEDONEM.
1110 220 1155 291 13

144 421 207 487 que
221 399 298 465 mihi
312 399 407 486 plane
425 397 573 485 persuasi
587 419 658 463 esse
678 396 810 482 aliquid,
832 394 919 481 quod
982 416 999 458 r
1020 417 1057 460 se
1075 412 1161 465 esset

144 508 306 571 magnum,
329 483 511 571 pulchrum,
533 481 667 559 bonum,
689 494 722 546 et
743 481 836 547 cuius
857 480 890 545 vi
911 503 930 546 e
965 491 1104 560 caretur,
1124 494 1162 547 ut

145 591 227 653 quae
252 592 372 655 magna
399 566 551 654 pulchra,
579 564 664 631 bona
688 589 803 631 vocare
826 565 974 642 solemus,
1002 563 1088 630 hunc
1108 565 1160 652 ip-

144 677 212 718 sam
227 653 381 718 virtutem
395 651 662 736 adipiscerentur.
685 648 805 714 Putavi
819 649 919 735 igitur
938 673 992 715 res
1007 648 1161 749 pulchras

143 760 207 801 non
230 737 353 812 colore,
378 736 435 800 sed
457 733 694 819 pulchritudine
715 733 865 818 pulchras
886 733 972 813 fieri,
996 734 1162 800 smriliter·

143 845 205 905 que
234 843 373 906 magnas
398 818 636 905 magnitudine,
665 839 784 901 parvas
809 818 982 902 parvitate,
1007 817 1158 885 honestas

120 905 324 970 honestate.
369 901 465 984 Quae
491 924 592 986 quum
611 900 744 965 firmiter
771 912 926 978 tenerem,
953 902 1044 987 coepi
1063 904 1158 969 etiam

142 989 327 1086 intelligere
354 987 435 1051 nihil
460 1009 530 1052 esse
550 987 584 1051 in
605 1008 712 1050 rerum
734 995 850 1049 natura
871 994 1022 1050 constans
1044 997 1076 1051 et
1095 987 1157 1053 im-

144 1071 300 1137 mutabile
345 1082 449 1136 raetcr
472 1071 564 1147 illud,
594 1069 682 1153 quod
703 1092 762 1155 per
784 1092 818 1135 se
840 1080 925 1135 esset
947 1092 1068 1150 verum,
1098 1070 1157 1137 bo-

146 1179 233 1233 num,
253 1096 430 1240 pulchrum,
451 1155 511 1219 hoc
525 1167 585 1232 est,
601 1165 731 1240 praeter
744 1154 835 1219 ideas
849 1176 956 1218 rerum
972 1155 1039 1219 sola
1049 1168 1157 1221 mente

147 1239 456 1324 comprehendendas
477 1249 509 1304 st
531 1239 624 1322 quasi
645 1237 829 1303 intuendas.
857 1238 904 1302 Et
925 1238 1005 1304 hace
1027 1239 1157 1323 quidem

143 1334 234 1401 sunt,
288 1346 348 1388 uae
373 1324 408 1388 in
434 1323 548 1387 harum
574 1345 684 1388 rerum
713 1323 903 1407 quaestione
926 1323 1064 1389 tenenda
1085 1346 1158 1389 esse

142 1407 219 1472 mihi
242 1347 438 1495 videntur-⁴³).

181 1577 273 1643 Haec
293 1578 400 1644 omnia
421 1589 528 1643 autem
548 1589 722 1663 postquam
738 1575 866 1643 Socrati
885 1598 1040 1642 concessa
1052 1590 1156 1654 erant,

139 1662 234 1727 aliam
248 1663 345 1728 etiam
369 1662 538 1749 ingressus
563 1674 612 1728 est
637 1662 898 1747 disputationem,
925 1683 990 1744 qua
1015 1660 1158 1727 animum

142 1768 213 1809 esse
239 1747 470 1828 sempiternum
495 1758 591 1829 atque
615 1747 827 1812 immortalem
851 1746 990 1810 doceret.
1025 1744 1157 1812 Etenim

143 1850 227 1911 quae
241 1829 404 1892 contraria
419 1839 504 1904 sunt,
518 1830 635 1910 inquit,
650 1852 688 1892 ea
703 1853 737 1892 se
750 1829 889 1892 invicem
902 1829 981 1891 adeo
996 1828 1160 1913 refugiunt

142 1923 241 1995 atque
256 1920 461 1987 aversantur,
483 1921 520 1973 ut
535 1911 672 1975 alterum
687 1911 786 1974 altero
801 1910 971 1974 accedente
982 1921 1038 1974 aut
1048 1923 1161 1995 pereat

142 2007 198 2059 aut
211 1994 371 2060 elabatur.
387 1993 498 2060 Veluti
511 1994 680 2079 parvitatis
696 1994 821 2080 species
836 2004 868 2058 et
881 1993 983 2059 forma
993 2017 1159 2079 nunquam

143 2104 218 2144 cum
239 2103 291 2144 ma
317 2079 462 2144 nitudine
484 2078 646 2144 conciliari
691 2079 796 2156 eterit,
824 2079 880 2143 sed
899 2078 961 2143 hac
979 2080 1157 2166 appropin-

144 2175 261 2248 quante
272 2102 325 2228 illa
338 2187 528 2229 evanescere
538 2163 627 2229 solet.
682 2164 745 2228 uod
755 2173 863 2228 autem
874 2163 914 2228 de
925 2163 976 2241 iis,
994 2164 1156 2249 quaesibi

141 2249 212 2332 ipsa
226 2259 259 2313 et
270 2271 331 2397 per
345 2272 379 2313 se
395 2249 554 2313 contraria
570 2258 654 2326 sunt,
669 2271 781 2314 verum
792 2270 863 2313 esse
874 2248 952 2324 dixi,
963 2248 1048 2313 idem
1058 2250 1155 2315 etiam

139 2332 269 2397 iudican
292 2343 404 2398 umest
410 2335 449 2398 de
455 2332 537 2410 aliis,
550 2355 632 2417 quae
646 2333 772 2398 etiamsi
783 2355 848 2397 non
860 2333 923 2397 sint
933 2334 1064 2432 proprie
1076 2357 1155 2399 con-

141 2417 248 2494 traria,
266 2427 372 2482 tamen
382 2418 504 2501 aliquid
515 2418 548 2481 in
560 2441 593 2483 se
606 2418 779 2495 continent,
792 2417 1082 2516 quodali1eu1dam
1097 2419 1158 2483 ad·

139 2513 293 2567 versetur.
304 2500 436 2567 Etenim
443 2501 567 2567 nehaec
573 2501 702 2586 quidem
709 2525 743 2566 se
750 2502 888 2566 invrcem
899 2501 1156 2567 ullomodoreci·

161 2586 472 2664 iunt‚etadmittunt.
482 2586 523 2651 Id
531 2587 866 2671 quodfacileestexem
889 2585 1156 2652 lisdemonstrarc

137 2608 222 2735 llam
236 2693 391 2737 numerus
406 2671 577 2750 ternarius,
592 2671 653 2736 etsi
665 2671 736 2755 ipse
755 2692 821 2735 non
834 2670 877 2735 ha
919 2682 932 2734 t
946 2671 1154 2750 contrarium,

139 2765 245 2820 tamen
257 2779 330 2821 cum
336 2779 464 2841 semper
474 2755 508 2820 in
514 2779 548 2822 se
554 2756 714 2821 contineat
724 2755 860 2820 formam
871 2754 1007 2840 imparis
1018 2756 1154 2834 numeri,

137 2861 302 2922 nunquam
316 2840 400 2906 effici
414 2840 542 2925 poterit,
557 2850 595 2903 ut
613 2841 701 2925 paris
715 2840 841 2905 numeri
862 2851 1012 2905 naturam
1032 2841 1154 2907 induat.

137 2921 264 2989 Eadem
277 2924 363 3010 ignis
377 2924 461 2990 ratio
475 2935 534 2989 est.
551 2922 618 3004 Qui
632 2946 734 3007 quum
750 2923 786 2988 in
807 2947 841 2989 se
855 2924 971 2990 caloris
986 2924 1052 2989 vim
1066 2947 1155 2990 com·

138 3006 327 3090 prehendat,
342 3031 425 3092 quae
440 3019 491 3073 est
502 3008 616 3092 frigori
630 3007 802 3083 contraria,
817 3030 985 3090 nunquam
1003 3030 1079 3071 cum
1097 3008 1156 3071 fri-

141 3113 217 3168 gore
238 3091 429 3154 coniunctus
448 3113 520 3154 esse
538 3099 657 3172 potest.
672 3089 801 3152 Pariter
814 3090 881 3165 nix,
897 3111 981 3170 quae
993 3112 1062 3151 nun
1084 3111 1160 3155 uam

141 3194 208 3236 non
226 3170 268 3234 fri
317 3194 333 3236 s
352 3172 452 3236 habet
466 3171 668 3247 adiunctum,
689 3170 861 3235 accedente
880 3171 985 3236 calore
1007 3171 1071 3235 dila
1093 3171 1159 3237 itur

139 3278 247 3339 neque
307 3256 435 3321 omodo
449 3279 522 3320 cum
534 3254 590 3319 illo
605 3254 800 3320 conciliatur.
814 3255 926 3340 Atque
935 3255 1015 3321 haee
1026 3256 1155 3340 quidem

138 3339 181 3405 ad
206 3339 349 3404 animum
376 3339 614 3407 transferamus.
639 3338 703 3403 Est
727 3362 803 3405 vero
828 3339 881 3406 hic
897 3340 944 3406 ita
965 3352 1081 3407 natura
1096 3366 1155 3410 sus

137 3436 358 3510 comparatus,
378 3424 468 3489 utin
487 3424 701 3510 quodcunque
720 3447 838 3510 eorpus
851 3425 1064 3513 ingrediatur,
1078 3427 1154 3495 illuc

138 3531 266 3595 semper
281 3509 633 3575 seeumafferatvitam.
650 3506 745 3589 Quae
760 3533 833 3575 cum
846 3509 942 3576 morti
958 3510 1153 3597 sitopposita

136 3604 170 3659 et
184 3594 356 3673 contraria,
372 3604 486 3680 sponte
501 3603 637 3678 apparet
651 3617 692 3658 ne
698 3593 838 3660 animum
853 3596 984 3681 quidem
996 3595 1081 3662 ferre
1098 3610 1153 3663 snt

135 3679 206 3765 pati
218 3701 362 3764 unquam
368 3690 504 3745 mortem
517 3701 624 3763 posse.
642 3676 811 3763 Quidquid
820 3692 927 3748 autem
941 3692 1076 3748 mortem
1087 3705 1152 3748 non

139 3907 329 3915 *-
