2604 4620
501 238 550 312 Al)
573 200 789 287 amomum.
1111 245 1149 291 IX

136 411 217 470 soor,
238 390 390 456 invitatus
404 391 446 456 ad
459 390 659 469 convivium
680 414 755 457 nam
774 390 854 473 heri,
877 414 977 477 quum
995 393 1149 460 victoriae

135 496 213 542 suae
234 476 375 564 tragicae
394 477 513 545 festum
532 475 717 556 celebraret,
739 477 828 542 nolui
844 476 1050 543 convivarum
1064 480 1149 544 mul·

134 561 262 626 titudini
282 582 333 626 me
354 562 548 647 immiscere3
569 561 823 647 quareprcmisi
845 562 876 627 ei
897 562 993 627 hodie
1017 563 1058 626 ad
1073 586 1146 630 eoe-

133 669 221 724 nam,
250 656 345 731 atque
372 646 418 711 ita
443 668 495 712 me
521 646 651 725 ornavi,
678 657 715 710 ut
742 648 873 737 elegans
900 647 942 712 ad
969 648 1149 734 elegantem

363 766 369 799 .
669 728 744 809 rt

215 871 303 931 tuisse,
324 877 353 922 ιιι
373 871 428 936 ipse
450 877 505 923 tum
527 887 586 923 cum
608 869 714 923 Socrate
737 872 939 936 congrederetur,
961 870 1149 936 quippe-cuius

216 937 386 989 familiaritate
406 940 522 989 nondum
544 954 589 1004 per
609 940 736 1003 integrum
756 940 887 989 biennium
904 945 998 989 utatur.
1031 940 1074 989 Ex
1095 954 1147 1003 qno

216 1007 354 1057 clarissime
373 1002 528 1072 {intelligitur
557 1006 718 1069 Glauconem
737 1007 822 1058 ¹istum
848 1021 932 1057 rerum
960 1012 1016 1058 tum
1037 1006 1148 1059 Athenis

216 1081 345 1137 gesturum
365 1074 543 1126 miuus.fuisse
559 1076 695 1125 curiam.
723 1075 812 1140 Atque
833 1076 902 1125 idem
922 1075 1021 1135 ridetur
1038 1075 1115 1125 etiam
1132 1072 1165 1126 a'

206 1136 382 1207 ‘philosophia
392 1141 471 1194 fuisse
481 1143 597 1205 alienior,
615 1144 823 1209 qnandoquithm
833 1142 1010 1208 Apollodorus
1022 1143 1046 1193 ei
1063 1143 1148 1195 iocose

214 1211 289 1261 vortit
305 1212 450 1274 opprobrio,
468 1212 537 1275 quod
554 1210 641 1262 omnia
657 1211 709 1262 alia
725 1211 800 1261 malit
812 1225 889 1273 quam
901 1211 1081 1275 philosophiae
1093 1218 1147 1263 stu·

215 1279 285 1327 dium
302 1291 402 1340 curare3
426 1280 458 1329 de
479 1294 531 1344 qua
550 1294 578 1330 re
594 1292 618 1328 v.
635 1293 661 1344 p.
680 1282 737 1330 173.
753 1279 787 1329 A.
822 1278 903 1328 Addit
924 1278 1014 1328 deinde
1035 1276 1147 1342 Apollo-

213 1347 289 1396 doms
314 1345 460 1410 Agathonis
485 1347 630 1407 conuiuium
655 1348 683 1396 in
700 1348 737 1396 'ea
757 1347 875 1397 incidisse
900 1352 1027 1409 tempora,
1055 1346 1147 1409 quibus

213 1413 267 1477 ipss
284 1415 368 1464 adhuc
384 1413 462 1464 fuerit
477 1416 606 1478 puerulus,
625 1415 832 1478 quandoquidem
848 1415 913 1464 illud
931 1415 1086 1465 celebratum
1106 1412 1147 1477 sit,

213 1497 293 1544 quum
309 1482 415 1544 Agatho
432 1483 514 1546 prima
536 1484 668 1546 tragoedia
684 1483 712 1531 in
729 1490 857 1533 certamen
873 1483 1011 1533 commissa
1027 1481 1148 1533 victoriae

212 1549 354 1612 praemium
369 1551 541 1613 reportaverit
553 1592 556 1597 .
566 1551 612 1607 Ex,
626 1551 718 1612 quibus
734 1550 817 1600 verbis
834 1557 947 1615 apparet,
965 1550 1067 1613 qnando
1084 1565 1146 1599 con-

212 1615 315 1675 vivium,
334 1617 365 1664 de
382 1630 433 1679 quo
450 1623 572 1677 narratur,
589 1630 676 1667 revera
692 1616 768 1665 fuerit
784 1618 934 1677 institutum,
958 1618 1051 1680 quippe
1068 1631 1147 1679 quum

213 1683 351 1731 memoriae
366 1683 505 1745 prodiderit
522 1683 706 1733 Athenaeus
717 1684 773 1732 Lib.
783 1684 817 1733 V.
830 1698 854 1746 p.
868 1687 925 1734 alt.
939 1683 969 1733 0.
982 1684 1021 1733 ed.
1034 1684 1143 1735 Ocsaub.

215 1755 241 1797 et
257 1749 367 1798 incertus
380 1749 562 1813 Olympiadum
579 1750 686 1812 scriptor
702 1751 736 1798 ad
748 1751 849 1813 Olymp.
862 1750 920 1803 XO.
933 1756 957 1800 4.
980 1751 1147 1812 Agathonem

213 1816 324 1879 primum
345 1817 373 1865 in
394 1817 545 1879 magicarum
572 1816 717 1866 fabularum
745 1818 924 1867 commissione
950 1818 1072 1866 archonte
1095 1821 1146 1868 lin-

213 1883 308 1947 phemo
322 1883 425 1953 Qlymp.
436 1884 493 1936 XO.
505 1890 530 1934 4.
547 1884 574 1933 in
590 1885 698 1935 Lenaeis
715 1891 857 1948 reportasse
873 1884 1014 1933 victoriam.
1032 1885 1075 1933 Ex
1093 1901 1145 1948 quo

213 1949 329 2014 proiecto
347 1952 466 2016 seqnitur,
483 1958 513 2002 ut
530 1953 620 2002 codem
637 1959 751 2015 tempore
767 1951 884 2000 habitum
901 1950 935 2000 sit
946 1952 1097 2012 convivium,
1115 1954 1147 2002 de

180 2030 183 2035 ⁴
213 2032 265 2081 quo
276 2020 354 2069 Plato
372 2019 399 2069 in
415 2020 481 2070 libro
494 2020 646 2083 cognomine
657 2019 783 2082 exposuit.
802 2017 964 2082 Quamquam
975 2020 1052 2069 fidem
1062 2019 1145 2069 Athe-

213 2087 271 2136 naei
288 2088 450 2150 suspiciosior
466 2088 558 2151 aliquis
575 2086 650 2137 facile
671 2088 730 2137 ideo
752 2086 779 2135 in
802 2087 988 2136 dubitationem
1008 2089 1144 2149 vocaverit,

213 2155 283 2218 quod
299 2155 480 2218 grammaticus
497 2156 544 2206 iste
561 2155 658 2205 saeculi
674 2154 742 2204 tertii
759 2162 819 2219 post
837 2153 898 2206 Chr.
916 2171 941 2204 n.
960 2154 1062 2204 definire
1080 2155 1144 2204 adeo

212 2237 288 2272 ausus
305 2230 350 2285 est,
369 2231 432 2288 quot
448 2238 553 2273 numero
571 2223 691 2277 corusce
709 2222 790 2286 epulis
807 2222 859 2273 illis
876 2221 1041 2273 interfuerint.
1067 2224 1146 2273 Putat

212 2289 281 2339 euim
302 2289 406 2342 affuisse
427 2291 544 2343 convivas
568 2290 763 2353 duodetriginta.
798 2290 835 2340 At
861 2291 930 2340 enim
952 2304 1012 2340 vero
1034 2291 1145 2341 confisus

212 2358 256 2406 ille
272 2356 322 2408 hac
338 2374 366 2409 re
382 2360 482 2410 ridetur
503 2359 657 2421 auctoribus,
681 2359 725 2423 qni
745 2358 786 2409 nsi
806 2357 1018 2411 assentientibus
1036 2359 1145 2421 antiqni-
1206 2366 1208 2371 '

212 2426 305 2477 ombus.
340 2426 449 2478 Accedit
466 2429 542 2478 etiam
560 2426 693 2477 consensio
711 2426 814 2477 alterius
831 2426 993 2489 chronolog·¹
1012 2427 1056 2490 qni
1078 2434 1145 2475 certe

212 2509 259 2544 sua
274 2509 328 2545 nou
344 2496 444 2546 videtur
461 2510 494 2546 ex
510 2509 563 2545 unc
581 2495 717 2546 Athenaeo
735 2495 858 2545 hausisse.
893 2492 984 2557 Itaque
1005 2494 1032 2542 in
1055 2509 1086 2543 ea
1102 2509 1144 2543 su·
1193 2506 1197 2511 ·
1227 2548 1230 2557 .

211 2577 269 2612 mus
290 2563 420 2624 sententia,
443 2571 472 2614 ut
494 2563 632 2614 Athenaei¹
645 2563 791 2613 testimonio
814 2578 873 2612 cum
893 2562 939 2612 Fr.
960 2561 996 2611 A.
1019 2560 1144 2612 Wolfio

211 2630 320 2694 aliisque
337 2633 516 2682 confidendum
533 2645 588 2683 esse
599 2631 756 2693 arbitremur,
771 2630 920 2696 praesertim
932 2644 1012 2693 quum
1022 2629 1069 2679 illo
1081 2637 1145 2679 tem-
1223 2662 1227 2671 ι

210 2711 274 2761 pore
291 2700 368 2750 etiarn
385 2716 481 2763 omnes,
505 2701 549 2764 qui
566 2698 682 2750 convivio
699 2698 843 2750 interfuisse
864 2699 1002 2761 finguntur,
1024 2712 1058 2746 ne
1074 2698 1146 2747 Alci-

210 2766 285 2817 biade
307 2767 410 2831 quidem
432 2777 553 2833 excepto,
579 2767 691 2818 Athenis
713 2768 807 2818 versari
830 2767 967 2831 potuerint.
1004 2764 1062 2815 Iam
1084 2780 1145 2815 vero

211 2839 312 2897 tempus
333 2835 414 2885 habiti
436 2837 560 2899 colloquii
580 2835 656 2886 facile
678 2843 785 2916 apparet
808 2835 1013 2898 distinguendum
1035 2848 1090 2882 esse
1112 2834 1145 2881 ab

211 2913 242 2949 eo
260 2908 383 2975 tempore,
401 2917 451 2966 quo
468 2903 645 2967 Apollodorus
663 2905 694 2952 de
710 2904 758 2952 rllo
780 2902 892 2952 narrarit
908 2900 1083 2951 familiaribus.
1112 2902 1146 2948 Et

211 2966 263 3015 hoc
281 2969 382 3030 quidem
398 2970 443 3019 ille
461 2984 515 3020 seso
527 2969 637 3019 affirmat
647 2969 738 3020 iecisse
749 2971 796 3029 bis,
815 2968 1022 3032 qnandoquidem
1035 2967 1145 3029 primum

211 3047 266 3083 rem
283 3037 428 3098 exposuerit
446 3036 581 3098 Glauconi,
598 3036 685 3100 paullo
703 3043 764 3101 post
781 3043 867 3084 autem
884 3037 991 3084 eandem
1006 3034 1145 3082 narraverit

211 3100 251 3161 iis,
274 3102 317 3164 qui
339 3104 407 3164 apud
423 3103 558 3153 Platonem
575 3103 660 3167 ipsum
676 3104 783 3152 audiunt
803 3103 880 3151 verba
896 3100 1039 3151 facientem.
1070 3100 1146 3160 Quod

213 3171 314 3231 quando
331 3168 428 3225 iactum
445 3173 486 3233 sit,
503 3171 564 3220 item
583 3170 675 3219 certius
692 3169 790 3220 definiri
811 3175 902 3235 potest.
936 3166 1055 3216 Meminit
1077 3168 1145 3216 enim

210 3235 388 3302 Apollodorus
405 3240 474 3303 apud
484 3238 620 3289 Platonem
632 3236 747 3288 Socratis
758 3236 802 3299 ita,
819 3243 848 3286 ut
864 3236 934 3285 hunc
950 3242 1072 3299 appareat
1089 3243 1145 3284 tum

211 3304 296 3355 adhuc
313 3304 341 3354 in
356 3306 420 3355 vivis
436 3306 529 3371 fuisse„
556 3306 624 3357 Nam
641 3319 699 3368 cap.
716 3307 750 3356 V.
768 3306 832 3355 haec
849 3303 921 3353 dicit:
939 3293 1035 3367 ἀφ”.οὔ
1048 3293 1071 3350 δ’
1086 3300 1144 3366 ἐγὼ

211 3412 244 3422 -
261 3365 399 3437 Σωκράτει
416 3369 614 3439 συνδιατρίβω,
636 3368 745 3423 οὐδέπω
766 3366 828 3438 τρία
849 3365 898 3436 ἔτη
919 3365 1001 3429 ἐστίν.
1028 3370 1070 3421 Far
1092 3386 1144 3435 qno

137 3492 140 3497 ,
211 3439 332 3504 requitur,
354 3450 384 3491 nt
404 3441 515 3492 narratio
533 3441 646 3491 hominis
663 3449 722 3492 ante
740 3441 842 3505 Olymp.
860 3437 945 3489 XCV.
956 3430 986 3488 '1.
1003 3437 1072 3491 facta
1089 3454 1144 3490 esse

210 3510 324 3572 putanda
341 3510 381 3571 sit,
399 3525 450 3573 quo
468 3525 536 3561 anno
548 3508 678 3560 Socratem
696 3508 820 3575 supplicio
838 3506 959 3557 affectum
970 3521 1025 3557 esse
1037 3515 1143 3557 constat.

210 3576 302 3641 Itaque
329 3578 466 3628 clarissime
491 3579 642 3641 intelligitur
668 3577 860 3642 Apollodorum
884 3589 949 3639 quae
971 3584 1056 3629 narret
1077 3577 1144 3625 intra

211 3644 314 3709 Olymp.
326 3645 383 3696 XC.
397 3653 421 3697 4.
439 3652 465 3697 et
477 3644 676 3711 Olymp'XGV.
691 3652 713 3696 1.
728 3645 844 3694 retulisse
856 3645 939 3709 putari
949 3653 1074 3708 oportere.
1092 3643 1144 3693 Sed

210 3720 298 3777 potest
319 3722 419 3779 tempus
440 3715 592 3765 narrationis
614 3715 691 3763 ctiam
708 3713 840 3776 aliquanto
858 3712 977 3762 constitui
995 3710 1142 3762 accuratius.

210 3778 279 3830 Nam
291 3795 369 3845 quum
380 3783 558 3847 Apollodorus
570 3783 638 3848 apud
649 3782 784 3832 Platonem
799 3796 825 3845 p.
838 3782 894 3830 178.
907 3780 941 3830 A.
954 3793 1008 3829 sese
1025 3779 1141 3836 fateatur,
1242 3782 1250 3789 '

137 3894 140 3899 .
213 3862 264 3911 quo
283 3857 397 3914 tempore
408 3850 555 3915 Agathonis
572 3850 716 3900 convitium
733 3851 888 3900 celebratum
906 3849 946 3908 sit,
964 3847 1048 3896 adhuc
1064 3843 1142 3893 fuisse

212 3917 359 3981 puerulum,
387 3926 477 3983 sponte
498 3917 647 3983 intelligitur
677 3932 735 3968 eum
762 3924 853 3982 postea
873 3918 986 3974 demum,
1011 3912 1141 3974 aliquanto

214 3983 310 4034 iactum
333 3986 493 4048 adultiorem,
515 4002 568 4037 rem
591 3999 650 4036 cum
671 3985 837 4037 familiaribus
859 3980 1090 4038 communicaturae,
1112 3986 1141 4027 ut

213 4066 266 4106 non
288 4053 398 4108 multum
414 4053 626 4119 tlh-videamur,
649 4055 671 4108 si
692 4069 751 4108 eum
772 4060 912 4108 statuamus
933 4065 985 4103 non
1007 4048 1042 4100 ita
1059 4047 1141 4098 multo
