2604 4620
145 232 216 290 xvr'
282 290 286 301 ,
513 241 781 291 raounoorrmm
871 228 877 251 ¹

104 392 108 403 '
146 422 236 465 suam
257 407 401 463 naturam
422 413 541 481 augere
562 403 594 458 et
613 394 698 459 ultra
715 395 810 463 huius
825 397 910 465 vitae
922 401 1067 486 epatium
1080 428 1163 494 pro.

147 486 231 550 ferre
258 483 375 567 ‚suique
406 479 591 545 memoriam
620 500 789 567 superesse
817 483 915 570 cupit
960 482 1029 553 Sed
1055 494 1163 561 multo

146 580 195 635 est
213 566 350 633 divinior
363 564 639 651 praestantiorque
660 565 837 632 animomm
857 590 946 637 amor
967 583 1001 637 et
1021 577 1159 647 ooniun.

145 654 222 731 ctio,
251 674 314 737 quo
340 648 495 736 sapientia
520 658 552 714 et
577 648 719 734 reliquae
744 651 879 719 virtutes
907 652 966 741 [ad
987 657 1092 727 vitam
1113 664 1157 729 (ἡ.

144 739 240 804 vilem
261 734 371 823 utiles]
400 733 581 820 pariuntur,
610 735 750 801 maxime
770 759 791 801 a
810 738 915 824 poetis
937 751 970 805 et
990 741 1156 843 legislato-

143 823 250 888 ribus:
280 843 345 906 qua
363 818 494 903 quidem
515 820 670 885 amatoria
688 830 757 886 arte
778 832 814 886 tu
835 843 962 909 quoque
983 826 1154 913 aliquando

142 906 262 973 initiari
282 904 397 992 possis.
428 900 495 970 Sed
516 903 561 968 ad·
579 904 756 991 perfectam
776 916 810 973 et
831 930 1014 995 supremam
1034 928 1152 1001 mynto-

142 994 261 1059 riorum
283 990 483 1056 sanctitatem
503 988 579 1054 eniti
593 989 725 1057 difficile
738 1001 799 1057 est.
828 990 924 1076 Quen
1037 1000 1153 1084 quibus

142 1077 296 1167 gradibus
328 1097 367 1141 eo
394 1073 613 1160 perveniatur,
650 1073 708 1142 tibi
737 1097 904 1163 exponam.
926 1016 1081 1151 qll’il'iuus
1106 1099 1152 1153 est

142 1173 275 1227 naturae
306 1170 428 1238 motus,
460 1158 517 1242 qui
547 1181 606 1225 nos
637 1159 679 1224 ad
711 1181 880 1248 corporum
906 1164 1152 1250 pulcritudinem

142 1246 341 1314 sentiendam
368 1243 504 1330 impellit
528 1253 561 1309 et
586 1242 629 1308 ad
656 1267 757 1311 uuum
782 1268 821 1313 oo
859 1270 898 1314 us
924 1250 1083 1337 applicat,
1114 1278 1153 1323 ex

142 1353 206 1418 quo
227 1332 377 1397 virtutem
397 1328 603 1395 othonorum
624 1351 805 1397 sermonum
876 1344 964 1400 ctum
984 1358 1153 1422 procreare

142 1417 318 1504 cupiamus.
358 1413 438 1479 Mox
468 1436 532 1491 uno
549 1414 667 1564 a{redu
693 1416 927 1499 ascendimus,
944 1440 1045 1505 quum
1069 1422 1153 1491 bunc

141 1523 281 1568 amorem
305 1522 371 1566 non
391 1497 528 1599 amplius
611 1521 711 1565 unum
732 1501 893 1585 quoddam
913 1503 1151 1597 adstringimus,

141 1587 198 1652 sed
224 1584 344 1674 pulcris
372 1582 520 1649 ommbus
547 1605 646 1685 aeque
675 1584 856 1654 tribuimus.
898 1588 1005 1657 Altior
1031 1594 1152 1681 gradus

140 1682 201 1750 est,
223 1692 323 1756 quum
342 1670 407 1735 iam
428 1668 528 1768 solam
548 1670 646 1735 ammi
667 1670 914 1772 pulcritudinem
932 1688 1151 1757 cemectamur

139 1753 637 1938 {ffirbtttdtttlttt
654 1760 1151 1929 {titttttattlffltdt

138 1927 190 2004 iis,
213 1949 294 2010 quos
313 1947 467 2003 amamus,
489 1947 543 1988 vra
563 1924 605 1988 ad
626 1924 818 2010 sapientiam
837 1926 1047 2011 uirtutemque
1068 1952 1146 2029 ape·

138 2011 248 2077 riatur.
283 2011 378 2075 Alius
401 2020 451 2077 cst
470 2009 602 2108 gradus,
623 2031 688 2094 quo
710 2010 862 2078 scientiae
883 2022 915 2079 et
928 2010 1144 2099 philosophiae

138 2107 337 2161 venustatem
363 2094 558 2180 percipimus
587 2103 620 2159 et
645 2117 665 2158 a
690 2094 901 2181 singularium
921 2096 962 2163 ad
980 2097 1141 2163 uniuersa·

138 2180 217 2244 lium
243 2201 350 2243 rerum
376 2178 623 2279 pulcritudinem
649 2181 873 2247 convertimur.
907 2180 974 2247 Hic
1000 2180 1145 2267 siprobe

138 2285 197 2329 nos
230 2283 484 2341 exercuerrmus,
519 2263 577 2328 lux
608 2262 700 2330 nobis
732 2264 893 2333 oborietur
923 2266 1146 2351 pulcritudinis

138 2371 250 2428 verae,
278 2348 468 2425 constantis,
495 2347 719 2428 immutabilis,
744 2360 906 2429 aeternae,
935 2350 1090 2438 simplicis
1117 2365 1150 2419 et

137 2444 277 2500 remotae
310 2435 351 2500 ab
377 2435 463 2499 omni
489 2456 642 2520 corporea
668 2445 793 2501 natura.
830 2434 906 2517 Quo
929 2437 1089 2522 adspectu
1114 2449 1150 2503 ut

137 2520 288 2599 fruamur,
311 2541 427 2606 operae
448 2519 586 2605 pretium
607 2529 657 2585 est
676 2541 786 2586 omnes
809 2520 917 2586 subire
935 2518 1062 2585 labores
1073 2523 1117 2605 ⁴⁵).

179 2604 274 2669 Haec
295 2628 394 2689 quum
415 2604 550 2668 dixisset
571 2602 729 2683 Socrates,
751 2605 842 2671 aulae
861 2613 954 2691 porta
974 2602 1148 2671 vehemen-

137 2698 186 2753 ter
213 2688 376 2774 pulsatur,
409 2689 536 2753 auditur
567 2688 716 2755 tibicinae
748 2714 812 2757 vox
841 2699 872 2754 et
902 2687 1149 2757 comissatorum

137 2772 263 2838 elamor.
299 2772 395 2839 Iubet
417 2795 526 2839 servos
547 2773 678 2860 Agatho
700 2795 902 2861 cognoscere,
923 2772 981 2859 qui
1000 2772 1148 2843 homines

136 2858 257 2938 adsint,
280 2871 311 2923 et
333 2859 359 2924 si
382 2858 446 2924 sint
466 2857 652 2937 familiares,
674 2882 728 2927 eos
749 2858 928 2938 admittant,
957 2858 1009 2924 sin
1029 2860 1146 2939 minus,

135 2943 292 3034 ablegant.
329 2943 455 3032 Ingruit
477 2945 650 3028 derepente
670 2943 873 3024 Alcibiades,
900 2943 1026 3022 ebrius,
1055 2967 1146 3013 corc-

134 3039 243 3110 natus,
267 3031 375 3096 turbat
397 3028 595 3095 conviviumz
628 3029 706 3096 dicit
727 3052 761 3095 se
783 3031 927 3110 venisse,
959 3040 997 3095 ut
1018 3040 1146 3097 coronet

134 3113 354 3202 Agathonem:
377 3116 498 3182 assidet
512 3115 554 3179 ad
568 3137 651 3194 eum,
672 3137 777 3200 neque
797 3125 902 3182 tamen
920 3115 950 3181 ei
963 3114 1145 3201 proximum

135 3195 300 3268 Socratem
328 3202 491 3289 conspicit
529 3198 604 3281 Quo
631 3200 871 3280 animadverso,
899 3200 1072 3266 exterritus
1092 3220 1145 3265 re·

135 3281 214 3361 silit,
241 3309 315 3351 eum
335 3286 494 3371 increpat,
516 3308 591 3351 mox
611 3295 716 3352 tamen
737 3297 876 3352 coronat.
912 3283 1032 3350 Turbis
1048 3283 1144 3382 paul-

133 3365 201 3429 lum
216 3370 339 3453 sopitis,
360 3369 475 3448 Nimis,
497 3371 611 3454 inquit,
634 3370 731 3436 sobrii
746 3372 832 3449 estis,
847 3370 952 3449 amici,
966 3390 1004 3434 ac
1018 3376 1142 3433 maes:

135 3446 322 3517 bibenduml
346 3455 438 3531 affer,
460 3477 552 3539 puer,
574 3477 721 3542 magnam
741 3455 892 3544 phialam.
928 3454 978 3520 Re
1000 3449 1146 3519 rehendit

135 3554 208 3597 eum
234 3534 469 3620 Eryximaohus
501 3552 669 3624 monetque
696 3563 734 3607 ea
757 3544 832 3628 lege
859 3562 914 3607 eos
944 3539 979 3605 bi
1020 3558 1072 3615 re,
1106 3546 1145 3601 ut

136 3618 254 3705 singuli
280 3621 323 3686 ad
347 3624 499 3707 poculum
524 3623 637 3692 laudes
657 3625 788 3692 Amoris
809 3626 952 3692 oratione
974 3620 1146 3690 celebrent.

134 3702 321 3782 Alcibiades
342 3707 457 3793 accipit
478 3709 690 3777 conditionem
703 3712 841 3791 dicendi,
862 3731 968 3796 neque
983 3718 1091 3775 tamen
1104 3704 1146 3772 de

135 3791 207 3871 alio,
229 3792 280 3858 vel
300 3790 426 3856 homine
447 3795 498 3859 vel
520 3794 591 3874 deo,
613 3817 709 3882 quam
729 3795 770 3863 de
785 3794 919 3864 Socrate
938 3792 1045 3859 dicere
1064 3791 1144 3859 vult

176 4068 202 4127 *)
220 4086 244 4133 p.
258 4077 314 4121 ror.
325 4070 350 4119 1)
365 4111 394 4119 -
409 4076 465 4119 ara.
478 4070 506 4120 0.
