2604 4620
134 207 223 253 LVIII
506 200 772 249 PROLEGOMENA

135 352 508 526 lltht‘phlhh
523 367 619 505 “tlt
629 353 794 505 {hill
814 350 1051 501 ltsstl‘ht
1065 353 1148 523 ⁰125}

264 488 272 504 ·
311 487 319 503 ·
398 488 405 503 ·
456 488 464 503 ·
510 488 530 518 η

137 542 239 591 tarum
260 537 350 590 sexto
372 535 404 589 et
424 525 489 589 rita
511 524 721 608 sophistarum
742 532 855 587 octavo
868 522 938 587 loco
952 520 1148 601 collocatum

107 615 115 629 “
137 610 230 695 Apol.
246 632 278 695 p.
291 611 342 674 22.
356 607 395 673 C.
417 609 485 674 Iou.
497 633 529 694 p.
542 610 612 675 533.
624 608 695 673 D.s
716 630 746 691 q.
768 606 821 673 De
833 605 914 692 Rep.
929 604 1011 671 VII.
1054 608 1149 675 ‚531.

136 695 177 758 E.
200 695 272 759 534.
287 693 326 757 Β.
349 693 512 760 Phaedon.
526 718 558 780 p.
575 695 625 759 76.
638 692 701 757 Β.Ι
734 688 917 757 uamohrem
938 713 1001 756 nec
1057 712 1151 759 arum

138 801 197 864 ope
219 779 301 844 effici
322 790 438 865 potest,
459 793 496 843 ut
517 781 565 844 vis
586 791 618 844 et
638 789 752 842 natura
772 777 864 841 istius
880 775 1000 841 amoris
1015 776 1150 863 penitus

138 864 332 941 recludatur;
360 865 456 928 immo
477 865 531 928 vix
551 864 630 929 illud
657 861 801 940 efficitur,
829 870 865 925 ut
892 870 1028 927 externa
1050 884 1151 946 quae·

139 950 212 1012 dam
233 949 281 1013 rei
301 949 496 1033 disceptatae
518 949 640 1034 species
662 959 694 1012 et
714 948 819 1046 imago
840 944 1063 1011 adumbretur.

156 1076 159 1081 -
181 1033 290 1116 Atque
311 1032 390 1097 haec
411 1033 539 1116 quidem
560 1034 666 1097 omnia
685 1033 740 1115 qui
760 1031 930 1118 diligenter
942 1030 1151 1099 animadver-

140 1119 246 1196 terint,
274 1117 297 1181 ii
324 1129 408 1182 certe
434 1117 498 1181 iam
525 1140 588 1183 non
609 1118 743 1203 amplius
764 1115 966 1192 dubitabunt,
994 1137 1152 1203 quorsum

140 1215 223 1268 tecta
244 1203 298 1267 illa
317 1202 421 1267 irrisio
442 1202 604 1267 rhetorum
624 1224 663 1267 ac
684 1211 858 1285 poetarum,
887 1200 927 1264 de
954 1219 1022 1284 qua
1042 1199 1083 1269 in
1102 1201 1151 1271 lu-

142 1287 279 1353 strandis
306 1287 503 1375 singulorum
530 1286 726 1351 orationibus
751 1285 923 1351 identidem
953 1286 1153 1363 monuimus,

141 1374 278 1455 denique
298 1373 464 1437 referatur.
502 1369 778 1451 Quemadmodum
805 1370 890 1435 enim
910 1368 1042 1437 divinus
1065 1392 1154 1437 antor

141 1458 279 1523 humano
300 1479 341 1520 ex
366 1457 501 1522 adverso
549 1457 649 1523 esitus
675 1467 733 1534 est,
757 1457 804 1521 ita
828 1454 923 1521 etiam
949 1453 1153 1525 dialecticam

142 1564 217 1607 vero
239 1564 454 1629 germanoque
474 1565 497 1626 p
521 1541 663 1628 'osopho
684 1540 847 1626 propriam
867 1550 1002 1624 apparet
1015 1540 1151 1626 opposi-

143 1638 208 1692 tam
227 1648 298 1692 esse
318 1627 493 1693 rhetoricae
518 1638 614 1711 atque
703 1626 793 1703 ticae,
820 1625 939 1711 quippe
965 1646 1053 1708 quas
1080 1648 1153 1695 cum

143 1713 215 1798 ipsa
236 1711 368 1777 scientia
386 1712 565 1798 (ἐπιστήμῃ)
582 1712 615 1777 ni
679 1712 818 1777 habeant
837 1708 1087 1777 necessitudinis
1107 1719 1167 1787 at,

142 1820 205 1882 que
217 1797 268 1896 'ad
287 1820 384 1862 unam
407 1797 504 1862 solam
517 1797 676 1884 opinionis
688 1797 848 1862 levitatem
862 1804 895 1859 et
906 1794 1152 1865 inconstantiam

185 1893 333 1947 rtmeant.
1070 1924 1073 1931 ,

144 1905 255 2031 peSed
275 1967 325 2031 his
345 1966 391 2030 ita
411 1967 565 2051 expositis
589 1967 712 2032 iuvabit
738 1965 865 2031 tandem
891 1962 1077 2031 summatim
1098 1962 1153 2029 dc-

51 2105 53 2111 .
146 2050 325 2127 clararisse,
352 2051 504 2133 quidnam
530 2074 688 2117 summum
714 2050 792 2117 illud
817 2060 912 2133 atqua
933 2047 1084 2117 ultimum
1105 2048 1155 2115 vi-

146 2135 259 2199 deatur
284 2156 365 2212 esse,
391 2135 477 2217 quod
502 2134 651 2202 universo
673 2133 836 2220 Symposii
860 2132 950 2218 operi
971 2131 1014 2199 sit
1032 2154 1154 2219 propo-

149 2218 254 2284 situm
275 2216 329 2283 De
349 2240 414 2301 qna
433 2241 468 2283 re
489 2219 691 2305 paucissimis
712 2218 876 2285 absolvere
896 2215 1015 2283 licebit.

188 2302 302 2387 Itaque
323 2303 450 2368 omnino
471 2304 600 2388 quidem
613 2303 740 2370 Platoni
753 2303 787 2369 in
802 2302 968 2369 condendo
980 2301 1043 2368 hoc
1056 2323 1154 2388 opero

148 2389 227 2453 illud
252 2388 314 2454 finit
337 2389 546 2474 propositum,
575 2399 611 2454 ut
638 2390 820 2455 ostenderet
845 2410 883 2452 ac
910 2388 1149 2462 demonstraret,

149 2473 266 2558 quibus
287 2474 380 2557 quasi
401 2473 554 2559 gradibus
576 2473 616 2539 ab
638 2497 744 2541 amore
757 2473 811 2539 illo
824 2473 957 2539 honesto
971 2490 1147 2558 propagau-

150 2560 210 2621 dae
232 2558 357 2621 virtutis
379 2569 412 2620 et
432 2558 606 2643 sapientias
632 2582 746 2624 caussa
765 2560 799 2625 in
825 2559 890 2623 vita
916 2555 1073 2625 communi
1096 2574 1150 2619 ce·

149 2641 455 2725 lebratopaullatim
476 2642 519 2705 ad
540 2642 716 2709 divinarum
737 2665 844 2709 rerum
863 2665 1011 2720 amorem,
1031 2641 1091 2707 hoc
1104 2648 1156 2707 est

152 2726 193 2791 ad
207 2748 313 2790 veram
327 2724 568 2810 philosophiam,
582 2728 851 2812 ascenderetur*).
874 2726 948 2795 Hoc
961 2736 1066 2793 autem
1078 2746 1154 2791 ocu·

153 2811 258 2877 silium
280 2834 373 2875 suum
394 2810 628 2899 elegantissime
649 2824 744 2896 atque
774 2812 928 2898 singulari
951 2809 1073 2898 ingenii
1091 2807 1156 2875 sol·

152 2897 243 2964 lertia
262 2897 308 2960 ita
329 2906 520 2982 exsequutus
542 2908 600 2975 est,
619 2908 732 2963 utnon
747 2900 849 2965 solum
869 2897 1013 2963 divinum
1034 2905 1067 2961 et
1085 2893 1156 2963 vul·

154 3006 264 3070 garem
285 3005 425 3048 amorem
445 2982 527 3047 inter
548 3005 582 3049 sc
605 3006 627 3049 o
650 2984 802 3068 posuerit,
828 2982 966 3068 imagine
992 2982 1058 3049 utri
1142 3001 1159 3044 e

154 3069 295 3154 pleniore
317 3080 350 3134 et
369 3068 538 3134 illustriore
560 3007 710 3146 exhihita,
738 3090 838 3152 eaque
865 3067 988 3133 ratione
1010 3076 1079 3131 oste
1125 3086 1161 3131 e·

155 3153 206 3230 rit,
229 3165 296 3218 tum
318 3165 470 3237 quantum
491 3155 569 3219 alter
589 3154 681 3219 alteri
700 3163 882 3229 antestaret,
905 3151 1162 3232 samariamque

155 3247 290 3319 uterque
303 3238 386 3302 inter
400 3261 434 3303 se
448 3238 680 3304 necessitudine
695 3240 917 3315 contineretur,
939 3258 1049 3303 rerum
1063 3232 1161 3299 etiam

156 3320 351 3385 dialecticam
372 3345 444 3386 cum
465 3323 622 3388 rhetorica
641 3334 674 3389 et
737 3323 784 3389 esi
804 3320 1025 3407 composuerit,
1045 3324 1159 3400 utpote

157 3403 249 3467 iuxta
268 3426 342 3468 cum
362 3406 517 3489 diviniore
538 3431 643 3473 amore
670 3431 689 3472 a
739 3406 981 3493 philosophandi
1002 3400 1157 3467 adonem

158 3487 253 3553 unice
274 3490 495 3567 necessariam,
516 3514 616 3574 eaque
637 3494 872 3578 opportunitate
885 3514 962 3559 usus
974 3486 1098 3569 oblique
1112 3483 1158 3551 si*

159 3571 358 3661 guilicaverit
381 3597 440 3638 nec
460 3575 602 3640 rhetores
629 3601 688 3643 nec
715 3578 874 3664 sophistas
894 3600 954 3643 nec
972 3581 1083 3661 poetas
1104 3591 1162 3635 eos

160 3681 240 3736 esse,
267 3657 321 3742 qui
343 3669 399 3721 aut
418 3657 498 3741 quid
519 3674 602 3725 esset
628 3663 767 3730 studium
789 3663 963 3750 sapientiae
984 3655 1163 3744 intelligere

195 3886 221 3950 s)
246 3870 292 3960 Da'
308 3887 394 3936 eadem
416 3899 442 3933 re
466 3884 608 3999 olimlhaec
626 3887 779 3967 scripsimus:
819 3886 921 3966 „Niclrtr
941 3885 1079 3952 perinperer
1103 3880 1166 3931 tera

246 3950 697 4072 tartarearum
712 3950 1167 4074 tztlttttttltttlffm
