2604 4620
502 225 550 271 AI)
572 223 785 271 SYMPOSIUM.
1056 225 1143 271 XLIX

140 377 269 444 rabilem
290 377 353 441 vim
375 392 554 441 sermonum
576 374 764 455 divinorum,
787 397 867 460 quos
889 399 908 440 a
929 372 1062 441 Socrate
1084 398 1142 441 au·

142 461 266 527 diverit.
287 459 353 526 Hic
367 483 459 538 unus,
481 459 593 544 inquit,
616 461 756 525 omnium
770 472 818 543 est
838 460 1029 538 mortalium,
1054 460 1143 527 cuius
1211 488 1221 500 ’

139 548 280 612 oratione
299 546 344 611 ita
358 568 485 612 moveor
499 567 535 609 ac
549 545 711 630 percellor,
734 555 770 609 ut
783 546 846 610 mei
865 545 967 629 ipsius
981 569 1033 609 nre
1048 567 1142 632 saepe

141 632 309 717 poeniteat.
330 630 428 697 Hunc
448 653 546 694 unum
567 652 731 706 revereor3
753 629 827 694 huic
848 630 967 694 invitus
986 628 1144 712 obsequor

140 729 233 800 atque
258 737 373 800 pareo,
401 717 446 779 ita
474 726 509 779 ut
537 737 573 778 eo
600 726 766 799 praesente
788 737 906 800 negare
927 737 989 779 non
1011 714 1152 779 audeam·

139 801 281 871 facienda
302 823 371 865 esse
393 799 513 877 omnia,
541 820 624 882 quae
646 799 716 899 ipse
737 798 880 876 iusserit,
907 798 997 875 licet,
1017 799 1082 879 ⁴ubi
1103 797 1144 864 ab

139 907 178 950 eo
199 885 344 960 discessi,
366 906 476 949 rursus
489 884 576 948 inani
588 884 753 949 ambrtioni
768 884 896 949 deditus
910 883 951 947 ad
965 883 1026 947 alia
1040 882 1145 947 omnia

139 969 289 1053 abripiat.
313 966 525 1048 Quamobrem
547 991 619 1033 eum
641 969 750 1035 sedulo
772 969 837 1035 vito
859 990 897 1032 ac
917 990 1017 1054 prope
1038 965 1143 1055 fugi03

137 1076 235 1138 quum
257 1062 363 1117 autem
385 1053 491 1131 video,
543 1053 620 1116 udet
646 1075 696 1117 me
722 1054 947 1138 promissorum
969 1051 1032 1137 ipsi
1054 1052 1144 1117 dato·

138 1161 210 1202 rum
232 1137 430 1224 turpiterque
451 1075 676 1237 neglliotorum.
699 1135 895 1217 Quinetiam
909 1146 1016 1220 optem
1031 1158 1144 1222 saepe·
1197 1202 1201 1207 ,

137 1242 286 1299 numero,
308 1232 344 1287 ut
363 1223 416 1287 ille
438 1244 456 1287 e
477 1232 544 1286 vna
562 1221 713 1295 decedat;
742 1231 774 1285 et
796 1231 902 1285 tamen
924 1221 991 1285 scio
1014 1242 1078 1297 me,
1117 1221 1144 1285 si

137 1306 172 1371 id
203 1306 366 1393 acciderit,
400 1305 494 1392 longe
525 1305 660 1371 maximo
689 1305 798 1369 dolore
824 1327 861 1369 ac
890 1326 1034 1369 moerore
1063 1303 1142 1369 affe-

139 1401 226 1457 ctum
242 1391 294 1456 iri.
318 1390 402 1456 Tum
424 1413 500 1457 vero
513 1391 622 1455 laudat
636 1388 731 1454 etiam
745 1389 895 1455 invictum
912 1385 1053 1454 Socratis
1069 1411 1158 1455 con-·

137 1467 300 1541 tinentiam
322 1487 353 1540 et
375 1475 596 1543 abstinentiam
618 1473 670 1560 (p.
681 1474 752 1539 216.
769 1471 849 1538 C.-
861 1474 933 1539 219.
948 1472 1017 1558 Ε.),
1037 1474 1146 1539 laudat

137 1562 214 1625 item
234 1559 478 1625 urbanissimam
500 1559 568 1623 eius
595 1558 740 1636 ironiam,
770 1579 834 1641 qua
863 1580 932 1623 sese
958 1558 1036 1623 nihil
1064 1559 1144 1624 seire

138 1645 265 1709 simulet
290 1653 322 1706 at
343 1667 384 1708 ue
413 1643 508 1707 etiam
537 1642 606 1706 aliis
632 1641 811 1707 bominibus
838 1653 991 1726 perpetuo
1012 1643 1145 1708 illudere

138 1728 292 1793 videatur.
316 1665 412 1808 &aad
434 1726 662 1810 semetipsum
683 1725 921 1791 adolescentem
934 1727 1008 1791 olim
1031 1750 1069 1791 ex
1112 1750 1144 1790 r-

138 1825 208 1878 tum
229 1834 298 1876 esse
318 1821 438 1889 narrat,
468 1811 522 1894 qui
542 1811 660 1876 frustra
680 1810 748 1875 eius
777 1812 998 1875 continentiam
1049 1750 1144 1876 albii-

138 1896 257 1963 tudinis
279 1918 356 1962 suae
376 1895 539 1961 lenociniis
554 1895 736 1973 tentaverit,-
757 1918 795 1960 ac
815 1896 919 1996 potius
940 1896 981 1959 ad
1002 1918 1025 1982 p
1050 1896 1144 1961 'oso-

137 1981 247 2069 pbiam
274 1980 472 2046 sermonibus
503 1979 571 2046 eius
598 2001 770 2046 conversus
798 1990 850 2044 ert.
886 1977 1014 2060 Quibus
1041 1981 1145 2047 verbis

137 2089 230 2133 nemo
252 2076 300 2131 est
320 2065 398 2149 quin
420 2075 530 2150 sponte
556 2064 664 2130 videat
692 2064 854 2129 confutari
871 2065 971 2130 malas
996 2065 1144 2131 crimina·

138 2153 242 2217 tiones
264 2149 316 2216 vel
338 2150 559 2236 suspiciones,
573 2149 689 2235 quibus
713 2149 846 2215 iuvenes
873 2158 1082 2236 corrumpere
1095 2151 1142 2217 fe-

138 2237 277 2314 rebatur,
305 2257 405 2319 quum
431 2247 535 2300 tamen
562 2257 617 2300 eos
638 2234 834 2301 sanctissime
856 2235 897 2299 ad
918 2236 1069 2313 virtutem
1090 2259 1144 2302 co-

137 2321 264 2387 lendam
283 2319 462 2385 hortaretur
484 2330 516 2385 et
535 2319 721 2406 impelleret.
752 2317 819 2384 Sed
844 2320 977 2407 propius
1006 2321 1047 2385 ad
1073 2319 1144 2386 Nu·

138 2407 227 2473 bium
248 2416 470 2490 argumentum
490 2405 650 2491 pertinent
672 2427 719 2482 ea,
740 2426 824 2488 quae
837 2405 912 2470 inde
933 2428 953 2469 a
967 2428 999 2490 p.
1015 2406 1087 2470 220.
1105 2402 1144 2471 C.

138 2492 185 2556 de
194 2487 327 2556 Socrate
348 2501 526 2555 narrantur.
547 2488 631 2554 Nam
645 2489 679 2553 in
691 2487 840 2555 Nubibus
854 2488 907 2555 ille
920 2490 1043 2554 ridetur
1063 2500 1144 2555 tam·

137 2599 232 2661 quam
253 2576 381 2662 ineptus
397 2575 548 2660 sophista,
572 2574 627 2659 qui
640 2574 789 2640 inanibus
806 2574 1046 2659 quaestionibus
1059 2597 1143 2661 ope·

138 2684 208 2727 ram
228 2661 292 2738 det,
315 2661 394 2726 adeo
416 2672 452 2726 ut
473 2660 568 2725 etiam
589 2660 730 2747 pulicum
754 2661 853 2724 saltus
874 2660 1032 2726 metiatur.
1055 2657 1146 2741 Quid

139 2768 216 2813 vero
237 2745 322 2810 idem
343 2746 412 2834 agit
431 2743 504 2811 inS
560 2745 672 2831 pusio?
692 2743 851 2816 Nimirum
871 2745 916 2811 ibi
937 2747 1020 2811 inter
1040 2744 1146 2809 media

139 2829 214 2896 belli
235 2829 376 2915 pericula
389 2841 481 2914 atque
514 2829 626 2895 abores
646 2831 680 2894 in
703 2831 815 2895 castris
829 2830 871 2894 ad
883 2829 1067 2895 Potidaeam
1081 2852 1145 2893 non

140 2913 235 2977 modo
255 2913 405 2977 invictam
417 2914 645 2992 constantiam,
667 2914 917 2979 moderationem
930 2925 963 2977 et
983 2913 1144 2978 fortitudi-

140 3019 214 3061 nem
240 3007 387 3061 narratur
412 2997 591 3075 retinuisse,
620 2998 676 3062 sed
702 2998 797 3062 etiarn
823 2997 920 3062 rebus
948 2997 1146 3083 gravissimis

142 3079 344 3165 explorandis
371 3080 450 3144 adeo
478 3080 580 3145 fuisse
606 3083 758 3156 intentus,
787 3091 822 3144 ut
849 3081 1017 3163 aliquando
1039 3080 1146 3147 divino

142 3163 234 3251 quasi
256 3164 393 3249 quodam
415 3165 520 3229 furore
542 3174 705 3249 correptus
725 3187 785 3250 per
802 3164 887 3229 diem
901 3177 934 3229 et
948 3177 1073 3230 noctem
1086 3166 1145 3230 im·

140 3260 244 3316 motus
256 3248 386 3328 steterit,
400 3249 517 3315 infixus
528 3248 745 3317 sublimiorum
755 3272 863 3314 rerum
872 3249 1082 3327 meditationi,
1095 3262 1144 3315 at·
1254 3320 1259 3337 ι

140 3358 203 3421 que
213 3334 314 3401 solem
326 3335 479 3401 orientem
493 3335 621 3400 demum
656 3357 732 3399 uum
742 3335 795 3420 pie
805 3333 1014 3422 religioseque
1026 3335 1144 3401 saluta-

140 3421 248 3499 visset,
271 3442 381 3497 rursus
403 3419 593 3485 discesserit.
630 3356 722 3500 &uae
748 3429 909 3504 postrema
937 3421 1084 3485 videntur
1105 3420 1146 3486 ad

140 3505 342 3571 refutandam
362 3504 611 3570 criminationem
631 3504 718 3570 illam
731 3504 898 3590 pertinere,
922 3506 1013 3571 cuius
1027 3506 1146 3572 mentio

142 3591 226 3655 facta
247 3601 295 3655 est
317 3589 350 3653 in
364 3588 525 3677 Apologia
539 3586 661 3655 Socrat.
675 3613 707 3674 p.
723 3590 773 3654 26.
788 3588 841 3666 D„
863 3589 918 3655 ubi
935 3587 1003 3656 Soli
1025 3614 1062 3656 ac
1075 3590 1145 3654 Lu-

143 3697 201 3738 nae
227 3675 368 3740 divinum
394 3675 546 3740 honorem
575 3674 727 3761 eripuisse
754 3675 908 3762 arguitur.
944 3674 989 3739 Et
1010 3674 1145 3740 conferri

142 3780 214 3823 cum
227 3759 296 3824 istis
310 3759 537 3846 Aristophanis
548 3759 688 3824 dicteriis
698 3769 832 3845 possunt
845 3760 943 3825 etiam
955 3760 1009 3825 illa
1022 3783 1054 3844 p.
1070 3759 1143 3821 221.

143 3842 187 3906 D.
206 3840 259 3920 E,
279 3842 336 3908 ubi
358 3845 426 3910 eius
448 3862 620 3923 sermones,
646 3844 792 3929 quamvis
811 3846 916 3931 prima
938 3844 1044 3929 specie
1065 3841 1144 3905 ridi·

145 3926 208 3991 culi
228 3925 406 4008 videantur,
429 3931 649 4016 tamenplane
671 3929 771 3996 divini
792 3941 824 3994 at
846 3952 887 4009 qe
903 3925 1077 4015 plenissimi
1093 3947 1143 3990 sa·

138 4010 262 4098 'pientia
282 4004 460 4079 iudicantur
481 4038 560 4081 esse.
585 4011 724 4081 Omnino
746 3952 961 4081 verquocrati
976 4035 1010 4078 eo
1033 4010 1145 4088 histae,

177 4101 242 4151 Plat.
256 4101 320 4165 opp.
338 4101 398 4153 Vol.
410 4102 431 4152 1.
449 4103 513 4172 Soet.
526 4098 573 4153 III.
856 4099 945 4135 Μ*
