2604 4620
136 211 227 259 xxiv
509 202 779 257 Puouuaouuua

136 362 214 428 dum
235 361 337 428 voluit
358 382 429 426 esse
450 360 546 436 hunc,
568 371 605 424 ut
626 360 690 426 non
712 361 754 425 ad
775 382 876 427 unum
890 361 1028 462 aliquod
1036 382 1167 452 corpus

136 447 279 526 animum
300 444 499 522 adiiciamus,
522 444 580 508 sed
601 456 752 530 expetere
773 444 934 511 discamus
947 447 983 511 1d
997 449 1163 535 pulcrmn,

136 531 224 615 quod
244 527 392 615 pluribus
412 529 508 594 rebus
531 551 698 594 commune
720 530 770 593 sit.
807 529 983 596 Enimvero
1005 555 1026 597 a
1047 535 1163 601 multis

136 615 219 680 vidit
239 613 512 699 progrediendum
534 614 577 676 ad
598 636 698 678 unum
720 636 807 692 esse,
835 614 897 700 hoc
919 626 968 680 est
990 618 1032 682 ad
1055 640 1163 705 genus

137 710 234 782 atque
263 698 403 783 speciem
430 698 464 762 in
486 697 582 762 rebus
604 697 740 783 singulis
762 698 1037 783 comprehensam.
1074 701 1162 781 Pru-

138 782 326 848 dentissime
348 804 424 847 vero
446 804 634 866 acorporea
670 782 862 847 ulcritudine
877 783 1068 850 ordiendum
1084 808 1161 853 oen-

137 866 202 932 suit
222 877 319 952 atque
340 866 415 931 inde
436 865 630 953 progredieu
654 889 709 930 um
722 866 765 930 ad
779 867 930 932 animum.
958 867 1044 934 Nam
1059 871 1161 939 animi

138 961 224 1016 certe
250 950 499 1035 pulcritudinem
524 949 777 1016 animadvertere
805 952 903 1038 longe
923 963 975 1017 est
995 953 1160 1021 difficilius

136 1057 234 1119 quam
256 1035 409 1120 corporis.
441 1034 555 1117 Itaque
577 1035 704 1099 tertium
726 1035 865 1123 gradum
886 1036 964 1101 fecit
985 1059 1072 1116 eum,
1095 1060 1159 1123 quo

136 1119 284 1206 neglecta
306 1142 360 1184 cor
385 1117 449 1183 oris
470 1118 573 1183 forma
588 1119 688 1183 solam
704 1119 802 1183 animi
816 1119 1067 1204 pulcritudinem
1081 1144 1159 1188 cou-

67 1256 70 1261 .
138 1213 308 1268 sectemur.
344 1141 451 1284 (diuam
469 1203 537 1266 fere
557 1204 692 1268 eandem
711 1226 779 1268 rem
794 1201 944 1269 Socrates
959 1204 1057 1270 etiam
1072 1206 1160 1293 apud

137 1287 391 1372 Xenophontem
413 1284 526 1372 Symp.
550 1309 579 1351 c.
601 1289 630 1351 8.
653 1287 810 1372 explicat,
833 1287 890 1353 ubi
911 1289 1017 1367 docet,
1038 1301 1159 1374 quanto

138 1371 361 1458 praestabilior
389 1370 430 1434 sit
457 1392 546 1436 amor
574 1393 747 1455 puerorum
779 1394 821 1437 ex
847 1371 964 1439 mentis
995 1374 1156 1457 animique

51 1461 55 1477 '
139 1479 250 1522 eorum
282 1454 492 1520 admiratione
525 1455 698 1534 oriundus,
731 1478 828 1560 quam
855 1454 911 1539 qui
941 1479 983 1522 ex
1016 1458 1158 1543 eorporis

137 1543 239 1606 forma
249 1550 282 1604 et
296 1538 444 1605 obscenis
459 1561 499 1605 cu
523 1539 689 1605 iditatibus
703 1541 863 1626 onginem
883 1541 1010 1606 habeat.
1033 1539 1158 1624 Quem·

138 1623 312 1690 admodum
342 1634 451 1689 autem
476 1561 569 1689 Plato
596 1624 631 1688 in
663 1647 835 1710 corporum
862 1633 969 1690 amore
997 1624 1039 1690 ab
1071 1625 1158 1691 in'di·

117 1707 246 1777 ,viduis
267 1708 309 1773 ad
330 1731 450 1794 genera
470 1709 602 1793 procedi
623 1709 737 1786 voluit,
766 1709 813 1773 ita
840 1709 874 1773 in
895 1708 957 1775 hac
976 1709 1159 1775 animorum

138 1793 348 1858 admiratione
376 1802 450 1858 ante
478 1792 585 1858 omnia
610 1794 735 1858 censuit
763 1815 801 1858 ea
829 1793 1050 1879 cognoscenda
1070 1804 1157 1873 esse,

138 1899 237 1962 quae,
265 1877 420 1961 quoniam
444 1876 612 1942 incurrunt
635 1878 670 1943 in
697 1878 822 1955 oculos,
852 1878 895 1942 ad
911 1876 1158 1963 'intelligendum

138 1962 290 2027 facillima
311 1972 386 2026 sunt
407 1961 541 2044 ideoque
564 1961 605 2025 ad
627 1962 726 2026 animi
740 1961 862 2028 cultum
875 1958 1018 2029 adhiberi
1031 1971 1156 2045 queunt
1176 1993 1180 1997 ·

139 2046 407 2111 commodissime.
429 2044 548 2110 Posuit
567 2045 668 2144 igitur
688 2046 753 2110 iam
775 2068 848 2111 eum
869 2046 1046 2127 animorum
1063 2064 1156 2110 amo-

138 2153 222 2207 rem,
251 2129 306 2213 qui
328 2129 370 2193 ad
392 2129 505 2194 amasii
528 2131 718 2215 sap1entiam
739 2131 956 2215 virtutemque
977 2152 1019 2194 au
1042 2128 1161 2197 endam

139 2233 261 2289 mores,
292 2213 381 2300 leges
410 2223 442 2276 et
466 2213 614 2278 instituta
640 2216 823 2280 considerat
851 2224 945 2298 atque
970 2214 1006 2279 in
1028 2232 1047 2279 e
1072 2215 1160 2280 vitae

141 2297 303 2381 sapienter
323 2297 484 2384 regendae
505 2309 678 2384 praecepta
693 2300 798 2365 ducit.¹
811 2299 851 2363 In
869 2320 935 2383 quo
952 2298 1161 2365 manifestum

139 2391 190 2447 est
216 2381 256 2447 ob
284 2382 394 2447 oculos
422 2382 529 2466 ipsum
557 2383 709 2449 habuisse
741 2383 916 2448 discrimen
942 2383 1039 2460 illud,
1073 2381 1161 2467 quod

139 2466 223 2531 inter
238 2465 325 2535 δόξαν
341 2476 374 2532 et
389 2467 550 2550 ἐπιστήμην
564 2467 705 2551 itemque
718 2468 810 2533 inter
830 2467 982 2533 virtutem
1003 2468 1160 2534 ciuilem

139 2561 237 2632 atque
258 2549 533 2635 philosopham
558 2552 686 2630 statuit,
710 2552 750 2618 de
773 2574 837 2636 quo
858 2575 889 2616 v.
905 2573 979 2616 ann.
995 2551 1040 2615 ad
1053 2550 1160 2616 Phae·

140 2634 213 2697 don.
237 2657 271 2718 p.
286 2634 337 2698 85.
360 2632 398 2697 O.
420 2656 452 2718 p.
469 2635 520 2698 68.
542 2632 580 2698 O.
602 2635 680 2721 Hoc
701 2637 773 2722 ipso
796 2646 904 2700 autem
924 2658 1039 2701 rursus
1060 2636 1159 2701 multo

140 2727 190 2782 est
211 2717 400 2803 generosior
421 2728 453 2779 et
474 2717 586 2782 elatior
606 2719 674 2798 ille,
706 2722 762 2803 qui
783 2744 803 2785 a
823 2720 920 2785 rebus
943 2720 1159 2808 singularibus

139 2802 182 2867 ad
202 2822 255 2865 res
276 2800 474 2866 universales
497 2824 670 2887 earumque
684 2803 934 2889 pulcritudinem
954 2802 1156 2870 convertion.

139 2884 268 2952 Harum
293 2884 380 2950 enim
407 2886 631 2952 observatione
656 2900 750 2972 atque
777 2889 883 2954 studio
910 2887 1096 2973 pervenitur
1115 2885 1159 2952 ad

140 2971 305 3036 scientiam
338 2981 370 3038 et
400 2969 653 3056 philosophiam,
686 2994 769 3058 quae
801 2995 867 3037 una
899 2982 949 3037 est
981 2970 1159 3039 certissima

138 3056 244 3140 pulcri
259 3056 413 3122 doctrina.
437 3054 546 3139 Quam
559 3055 615 3141 qui
636 3056 670 3121 in
691 3057 828 3123 amando
844 3057 998 3141 sequitur,
1018 3056 1049 3121 is
1062 3061 1159 3140 quar:

139 3153 208 3206 tum
234 3141 299 3206 iam
325 3142 463 3226 gradum
491 3142 608 3206 amoris
638 3142 760 3207 obtinet
812 3142 933 3207 roxime
955 3162 996 3205 ue
1024 3140 1118 3206 abest
1140 3162 1160 3202 a

141 3240 265 3290 summo
287 3225 405 3290 amoris
426 3226 557 3311 fastigio
580 3237 612 3291 et
634 3227 725 3309 quasi
748 3249 766 3291 o
834 3225 894 3291 'na
956 3246 1008 3288 am
1029 3224 1091 3290 hoc
1104 3223 1160 3308 qui
1208 3227 1210 3232 ’

140 3315 190 3367 est
200 3319 430 3391 consequutus,
445 3309 474 3372 is
489 3310 596 3374 missis
610 3310 709 3376 rebus
723 3310 871 3374 humanis
885 3309 950 3373 iam
963 3330 1069 3392 usquo
1084 3329 1161 3373 oon·

140 3389 313 3470 templatur
339 3393 488 3488 pulcrum
515 3393 594 3457 illud
616 3406 797 3471 aeternum,
824 3393 911 3477 quod
931 3415 997 3458 non
1017 3392 1162 3458 nascitur

140 3491 245 3553 neque
259 3471 377 3551 inter-rt,
394 3496 458 3538 non
472 3488 610 3563 augetur
623 3501 683 3544 neo
697 3479 906 3556 imminuitur,
924 3499 1023 3562 supra
1033 3496 1160 3541 omnem

140 3566 320 3648 temporum
334 3556 539 3641 locorumque
554 3560 810 3628 vicissitudinem
831 3563 961 3640 elatum,
984 3581 1089 3644 neque
1101 3559 1161 3625 ho·

140 3639 261 3705 minum
282 3638 485 3723 opinionibus
513 3654 569 3709 aut
597 3646 669 3712 aliis
690 3647 789 3713 rebus
810 3647 949 3712 fortuitis
971 3646 1161 3720 continetur,

139 3746 251 3790 verum
278 3747 337 3810 per
364 3747 399 3789 se
426 3726 550 3810 sibique
576 3728 638 3814 ipsi
667 3741 810 3808 constat,
838 3731 879 3796 ab
907 3730 994 3797 omni
1016 3729 1163 3816 corporis

139 3807 211 3874 labe
237 3832 370 3896 purum,
401 3810 573 3890 sincerum,
600 3813 835 3882 intemeratum.
871 3816 927 3880 Ad
954 3815 1035 3881 illud
1061 3813 1163 3900 igitur

139 3893 287 3977 pulcrum
337 3895 490 3960 erfectum
516 3907 690 3964 amatorem
719 3899 916 3965 adscendere
939 3911 972 3964 et
993 3899 1162 3984 pervenire

86 4034 89 4040 .
141 3976 259 4047 debere
281 3919 463 4049 arbitratur.
499 3978 536 4046 si
558 3981 643 4047 enim
664 4006 798 4069 purum,
823 3983 993 4083 sincerum,
1016 3980 1162 4050 divinum
