2604 4620
115 218 155 277 ro
499 201 751 277 scurcula

115 394 206 475 ρίας,
240 381 373 483 ἐπειδόν
406 382 424 451 ό
460 383 563 472 ἱερεὺς
600 391 660 454 τοῦ
693 385 904 466 ’Λπόλλωνος
935 398 1041 482 στέφη
1068 387 1131 473 τὴν

117 491 271 574 πρύμναν
306 491 369 550 τοῦ
392 487 527 550 πλοίου·
555 489 656 554 τοῦτο
684 486 714 553 δ’
745 491 873 574 ἔτυχεν,
904 483 1010 575 ὥςπερ
1037 494 1130 575 λέγω,

117 591 156 680 τῇ
182 587 365 671 προτεραίᾳ
390 587 450 665 τῆς
475 587 565 666 δίκης
590 585 736 672 γεγονός.
769 585 824 655 διὰ
851 590 958 654 ταῦτα
985 593 1041 657 καὶ
1068 617 1130 658 πο·

115 684 174 763 λδς
195 681 316 770 χρόνος
338 691 467 768 ἐγένετο
502 690 549 771 τῷ
576 684 756 776 Σωκράτει
784 696 824 756 ’ὲν
848 691 894 774 τῷ
920 692 1129 778 δεσμωτηρίῳ

115 782 133 851 ό
159 782 280 870 μεταξὺ
306 787 366 864 τῆς
392 788 482 866 δίκης
508 811 542 852 τε
569 791 625 853 καὶ
650 792 711 855 τοῦ
741 788 913 856 θανάτου.

191 881 277 974 Cap.
303 886 344 950 ll.
401 889 469 953 EX.
516 891 557 954 Τί
582 891 615 954 δὲ
644 886 684 971 δὴ
711 885 755 956 τὰ
770 894 844 975 περὶ
860 883 965 969 αὐτὸν
981 885 1042 955 τόν
1058 889 1130 955 θό-

115 1008 229 1064 νατον,
256 975 279 1050 ὦ
314 989 473 1071 (ίίαίδωνς
502 991 534 1053 τί
557 976 599 1070 ἦν
624 985 666 1055 τό
691 993 856 1078 λεχθέντα
882 992 937 1056 καὶ
958 994 1128 1075 πραχθέν-

115 1109 175 1163 τα,
211 1088 265 1151 καὶ
296 1092 382 1162 τίνες
418 1090 451 1151 οἱ
483 1087 747 1174 παραγενόμενοι
774 1093 841 1156 τῶν
866 1091 1056 1171 ἐπιτηδείων
1083 1092 1129 1175 τῷ

115 1184 215 1273 ἀνδρί
225 1211 237 1269 ,·
264 1181 285 1268 ἢ
313 1183 374 1252 οὐκ
399 1185 473 1252 είων
498 1194 530 1253 ol
555 1184 716 1274 ἄρχοντες
739 1203 912 1276 παρεῖναι,
947 1187 1025 1255 ἀλλ’
1055 1196 1130 1274 ἕρη-

56 1301 85 1362 Ι)
113 1313 177 1374 μος
201 1284 351 1354 ἐτελεύτα
378 1289 508 1376 φίλων,·
563 1291 691 1363 ΦΑίΔ.
746 1288 925 1376 Οὐδαμῶς,
950 1286 1037 1354 ἀλλὰ
1065 1314 1131 1355 πα-

116 1385 224 1475 ρῆσάν
256 1411 360 1466 τινος,
385 1390 441 1453 καὶ
466 1390 584 1457 πολλοί
606 1416 653 1475 γε.
705 1392 779 1459 EX.
833 1391 951 1457 Ταῦτα
976 1384 1016 1471 δίη
1044 1385 1132 1456 ποίν-

184 1654 213 1705 C.
255 1654 310 1703 καὶ
333 1649 441 1708 πολὺς
466 1652 587 1722 χρόνος
611 1654 672 1722 372]
707 1654 778 1708 Vett.
803 1653 876 1706 editt.
902 1651 946 1703 ιτολ
968 1651 981 1703 ό
1008 1654 1067 1706 πολ.
1088 1671 1132 1722 χρ.

113 1730 218 1790 praeter
235 1722 352 1773 codicum
370 1721 457 1773 iidem.

184 1793 217 1842 τί
235 1784 273 1855 όν
293 1789 329 1844 τὰ
351 1789 531 1857 λεχθέντα]
558 1791 614 1840 τίνα
633 1790 709 1843 Bodl.
731 1790 788 1842 vat.
808 1789 896 1840 Ansbr.
914 1787 985 1843 Flor.
1004 1789 1044 1852 d·,
1062 1791 1132 1855 quod

115 1862 140 1913 in
166 1861 229 1914 Van.
253 1860 289 1913 Π,
313 1865 380 1910 τεοῖο
404 1858 495 1910 Bastio
518 1875 534 1910 a
556 1875 607 1912 rec
634 1876 668 1914 m.
692 1861 829 1912 invectum.
864 1857 921 1911 Nec
944 1858 1051 1921 dubito,
1073 1861 1133 1922 quiin

114 1931 193 1982 etiam
213 1929 306 1981 inillis
323 1927 455 1978 codicibus
474 1943 507 1978 ex
525 1930 686 1979 correctione
709 1934 798 1978 natum
817 1928 858 1978 sit.
898 1925 933 1977 lit
950 1926 1035 1990 quidni
1055 1927 1131 1977 etiam

114 1999 139 2048 ls.
159 2001 174 2049 l.
193 2004 225 2047 ut
243 2013 268 2061 p.
286 1997 328 2048 57.
349 1997 380 2044 Α.
404 1995 434 2043 Β.
454 1995 593 2044 commode
615 1997 650 2043 τί
672 1990 703 2058 ἦν
725 1995 757 2044 τὰ
777 1997 919 2058 λεχθέντα,
948 1993 1131 2059 interrogetur,

113 2079 192 2126 quarm
216 2064 335 2126 proxime
358 2060 508 2113 antecedat:
533 2063 568 2109 τί
583 2061 609 2109 δὲ
633 2060 662 2121 δι)
691 2061 727 2108 τὰ
748 2063 805 2126 περὶ
823 2060 906 2110 αὐτὸν
922 2059 971 2110 τὸν
990 2061 1132 2112 odoacari

116 2130 255 2179 Enimvero
278 2128 315 2176 ita
338 2125 483 2176 rectissime
505 2128 637 2189 quaeritur
654 2125 717 2179 boc:
741 2142 892 2190 quorsum
915 2129 1133 2192 pertinebant

115 2201 147 2246 et
167 2191 645 2260 coinagenerissrunt,quae
669 2193 756 2242 dicta
776 2197 811 2244 ¹et
835 2192 1037 2244 factasunt:
1062 2197 1132 2259 quod

112 2267 189 2329 plane
211 2261 321 2313 concinit
339 2274 397 2309 curn
414 2259 500 2310 verbis
516 2261 683 2324 antegressis.
718 2257 784 2310 Nam
803 2258 873 2320 quod
892 2259 962 2308 Car.
982 2259 1031 2312 Fr.
1050 2263 1131 2313 Her-

114 2345 254 2384 maunus
271 2331 298 2381 in
316 2329 395 2381 libro:
415 2327 594 2378 Gesammelte
614 2326 739 2378 Ablsandl.
759 2341 783 2379 u.
804 2324 885 2380 lleitr.
904 2341 929 2392 p.
947 2325 988 2380 65.
1006 2326 1055 2378 boc
1073 2331 1132 2382 loco

114 2415 188 2452 usum
208 2397 353 2465 imperfecti
371 2387 403 2458 η’ν
424 2395 513 2446 scribit
531 2410 666 2447 numerum
684 2395 810 2461 pluralem
827 2395 886 2445 τίνα
903 2409 955 2446 non
972 2401 1025 2446 tarn
1038 2405 1130 2462 postu-

113 2567 258 2630 legebctnr,
278 2565 303 2616 id
318 2563 439 2629 quoniam
453 2562 597 2614 sentcntiae
648 2560 679 2615 u.
696 2577 729 2614 ex
745 2563 874 2613 πολιτεῖαι
886 2563 1069 2616 assumendum
1083 2584 1130 2616 no-

112 2634 257 2685 tationibus
273 2633 442 2694 adversetur,
469 2637 541 2682 reete
559 2631 598 2680 vi·
649 2633 728 2683 λῖται,
752 2630 818 2685 lbid.
838 2631 885 2683 lX.
902 2630 962 2686 876.
982 2633 1015 2684 Β.
1040 2641 1067 2685 et
1085 2635 1131 2689 Xl.

114 2700 224 2752 delusa
243 2699 405 2752 Fisclsero
432 2699 598 2764 repudiatum
648 2716 673 2764 p.
693 2697 752 2754 933.
772 2698 804 2750 Ε.
828 2705 889 2766 post
914 2699 1068 2766 δικαστήρια
1090 2703 1131 2754 iu-

114 2784 182 2821 esse.
217 2768 273 2820 Nisi
296 2769 365 2819 forte
391 2773 483 2818 ventos
505 2768 553 2819 illis
572 2768 597 2817 in
648 2767 729 2818 fertur
746 2765 833 2832 αὐτοί,
853 2769 927 2830 quasi
938 2768 1059 2818 δικασταί
1075 2787 1131 2822 me-

113 2837 263 2902 regionibus
287 2842 426 2901 regnantes
453 2836 597 2900 intelligere
648 2835 741 2886 morati
758 2835 816 2888 sint.
851 2834 915 2885 lbid.
935 2835 968 2886 X.
987 2853 1012 2901 p.
1028 2836 1087 2890 886.
1100 2840 1130 2892 c,

113 2907 234 2960 volueris.
253 2904 307 2956 Sed
320 2904 515 2969 obsequendum
526 2910 597 2956 certe
648 2919 681 2954 ex
705 2905 844 2969 θεογονίαν
866 2904 1035 2967 repetendum
1061 2908 1130 2960 θεοί,

111 2974 246 3027 codicibus
266 2974 328 3042 ,suit
365 2974 532 3026 Herodot.
562 2972 595 3027 ll.
646 2971 712 3023 lbid.
739 2972 807 3023 Vlll.
835 2986 860 3037 p.
883 2969 945 3024 828.
967 2971 999 3023 Β.
1024 2972 1084 3025 Xll.
1103 2990 1130 3039 p.

113 3044 171 3098 115.
191 3044 251 3096 ὖόοι
267 3040 316 3094 ὑπ’
340 3040 439 3110 ἀνίμων
462 3042 511 3107 ἤδη
529 3039 595 3091 clao-
646 3039 706 3095 945·
725 3040 758 3094 Ε.
772 3038 833 3093 850.
853 3040 884 3088 Α.
898 3038 958 3094 952.
979 3041 1010 3090 B·
1030 3041 1128 3092 Criton.

110 3115 251 3180 ληφθέντες
280 3105 367 3176 ιῖλθον
394 3130 417 3163 ιι.
447 3131 470 3161 τ.
497 3111 535 3173 λ.,
561 3109 595 3161 ad
646 3125 672 3175 p.
701 3108 743 3162 53.
767 3108 799 3158 Β.
815 3115 885 3173 ¹post
903 3106 1001 3165 πόλεως
1019 3110 1130 3161 mentio·

109 3197 189 3245 quem
221 3186 306 3232 locum
342 3179 594 3242 Wesselingius
645 3194 703 3228 nem
723 3177 846 3227 contiuuo
859 3175 1025 3240 cogitandum
1044 3184 1085 3228 est
1097 3179 1130 3230 de

111 3247 179 3297 laune
202 3263 277 3297 usum
304 3248 373 3296 verbi
389 3245 594 3310 ἀπολαμβάνειν,
646 3246 774 3299 πολίταις,
811 3245 895 3308 Legg.
910 3245 976 3300 Vlll.
986 3262 1011 3312 p.
1022 3245 1083 3300 783.
1097 3247 1128 3297 l).

110 3328 162 3377 quo
188 3313 279 3363 elicitur
309 3313 342 3361 de
368 3313 451 3362 ventis
479 3311 595 3362 aduersis
646 3326 679 3360 ex
696 3310 811 3377 νυμφικά
840 3311 966 3377 intelligas
987 3313 1047 3372 τοὺς
1064 3313 1130 3383 νίμ-

111 3381 260 3445 neuigantes
298 3379 478 3439 retinentibus,
514 3377 594 3441 pluri·
645 3394 719 3444 φοιις.
745 3379 748 3383 ’

111 3449 159 3497 bus
190 3447 313 3512 exemplis
338 3446 483 3497 illustrauit.
518 3442 593 3494 Plri-

113 3517 208 3596 '⁴?⁸t“
227 3516 291 3599 Hes·
310 3530 341 3595 β’.
355 3513 414 3566 74¹·
436 3511 484 3561 κᾶν
501 3510 594 3593 &W
644 3545 756 3598 formula
780 3548 812 3601 de
834 3565 862 3601 re
886 3552 937 3604 lam
962 3557 1037 3602 antea
1056 3567 1129 3604 cons-

112 3602 159 3646 την
176 3588 239 3633 ναῦν
257 3581 430 3648 απολαβωσιν,
447 3581 519 3645 quod
530 3586 593 3632 stem

112 3651 231 3701 anniversa
260 3650 373 3712 dictum,
407 3650 504 3700 omisso
532 3649 593 3699 arti-
645 3622 796 3671 'mmmm‘
839 3618 894 3670 ΝΜ
918 3621 1039 3671 di⁰i¹¹¹¹¹⁸²
1070 3622 1129 3670 Wie

112 3721 181 3772 culo.
198 3747 230 3756 -·
261 3717 395 3781 αὐτούς,
413 3733 451 3770 se.
464 3713 594 3775 τοδςπλί-
644 3691 769 3800 {auvil
798 3701 821 3738 V·
849 3688 960 3768 Apolog.
985 3702 1011 3759 P:
1031 3685 1078 3766 ill,
1098 3691 1128 3739 Α,

111 3807 203 3850 erese,
232 3785 302 3851 quod
330 3802 363 3838 ex
393 3801 482 3851 praec.
504 3785 595 3835 πλοῖον
675 3767 700 3819 Ρ·
737 3758 789 3805 ·⁹t
804 3769 872 3818 (luit
889 3755 924 3806 lbi
937 3759 1129 3807 annotavimus.

112 3854 313 3922 intelligendum.
349 3853 514 3920 Synesisnee
526 3853 594 3918 apud
660 3854 745 3921 'Can
765 3854 798 3908 ll.
839 3854 868 3903 oi
890 3852 1051 3921 ἄρχοντες
1073 3861 1126 3918 -]
1170 3856 1172 3859 “

109 3926 248 3985 Platonem
278 3923 314 3973 ite
342 3937 408 3975 rara.
448 3921 488 3972 lta
510 3920 593 3986 Legg.
646 3924 824 3987 lntelliguutur
846 3921 872 3973 ol
893 3919 987 3972 ίιδεκα.
1013 3937 1037 3975 v.
1055 3925 1128 3990 Apo-

109 4011 134 4059 Ρ.
152 3993 211 4049 692.
237 3993 268 4044 D.
292 4005 326 4042 ex
350 3988 481 4058 Περσικὸς
504 3987 596 4046 στόλος
646 3993 699 4053 log.
718 3989 793 4040 Socr-
818 4007 845 4057 p.
863 3987 905 4046 37.
926 3990 957 4045 C.
974 3990 1062 4056 ibique
1081 4007 1127 4044 ttu-

108 4062 186 4117 lntell.
206 4063 233 4115 ολ
251 4059 361 4128 [liunus-
386 4057 452 4113 ¹bid.
471 4057 516 4111 ΠΙ.
535 4057 595 4113 ῗθλ.
646 4061 700 4111 not.
720 4071 745 4122 p·
762 4055 805 4113 39.
823 4057 854 4112 Ε.

680 3477 710 3530 C.
744 3476 849 3548 ὥςπερ
867 3480 964 3550 λέγω]
994 3483 1129 3549 Frequens
