2604 4620
190 276 255 336 luti
568 267 823 332 PLATONIS

265 444 350 538 Cap.
379 435 511 508 XLIV.
562 440 639 506 Εἶεν
673 438 734 520 δή,
767 430 787 520 ἧ
825 441 855 507 δ’
899 440 936 522 ὃς
962 444 980 511 ὁ
1010 447 1214 536 Σωκράτης,

192 544 235 612 τὰ
263 548 323 630 μὲν
344 541 523 627 Ἁρμονίας
550 538 627 626 ἡμῖν
652 543 711 619 τῆς
739 543 912 623 θηβαϊκῆς
938 544 1009 612 trad
1038 573 1127 627 σοις,
1164 548 1211 628 ὡς

191 652 291 724 ἔοικε,
322 647 461 730 μετρίως
497 646 629 724 μέμονε·
663 645 696 704 τί
733 644 767 706 δὲ
797 639 908 723 δὴιτὰ
940 643 1097 733 Κάδμου,
1134 654 1213 740 ἔφη,

188 735 213 810 ῶ
241 745 365 829 Κέβης,
400 745 469 817 πῶς
502 739 692 825 ἱλασόμεθα
728 743 786 805 καὶ
817 747 883 809 τίνι
906 743 1016 831 λόμρη
1067 746 1125 815 Σύ
1149 777 1211 834 μοι

189 846 311 922 δοκεῖς,
346 848 408 931 ἔφη
434 838 452 906 ὁ
479 841 605 924 Κέβης,
634 837 836 925 ἐξευρήσειν·
873 849 1011 912 τουτονὶ
1036 851 1118 930 γοῦν
1138 846 1206 915 ’τὸν

191 943 295 1027 λόγον
320 940 380 1008 τὸν
406 936 491 1026 πρὸς
516 937 579 1018 τὴν
605 937 772 1024 ἁρμονίαν
800 944 1012 1029 θαυμαστῶς
1036 971 1093 1031 μοι
1119 947 1207 1025 εἶπες

190 1039 234 1120 ῶς
259 1038 351 1126 παρὰ
378 1037 490 1119 δόξαν.
541 1039 693 1124 Σιμμίου
728 1035 794 1124 γὰρ
830 1046 1005 1126 λέγοντος,
1041 1041 1096 1113 ὅτε
1124 1045 1207 1128 ἡττό-

134 1146 159 1206 Β
191 1166 255 1229 ρει,
288 1138 377 1208 πάνυ
410 1134 625 1223 ἐθαύμαζον,
660 1143 689 1202 ai'
720 1162 750 1204 τι
776 1137 838 1218 ἕξει
865 1168 915 1220 τις
935 1144 1136 1230 χρήσασθαι
1161 1149 1208 1231 τῷ

189 1240 278 1327 λόγῳ
315 1237 439 1307 αὐτοῦ·
475 1236 565 1306 σοι’νυ
601 1227 662 1304 οὖν
695 1262 753 1323 μοι
784 1237 919 1321 ἀτόπως
951 1243 1060 1322 ἔδοξεν
1099 1243 1209 1325 εὐθὺς

257 1469 400 1519 τουτονὶ
425 1470 519 1535 γοῦν]
546 1470 627 1519 Coisi.
645 1470 702 1523 vat.
721 1471 783 1523 Veri.
801 1469 837 1520 A.
857 1468 931 1520 vind.
952 1472 985 1521 Φ.
1003 1471 1063 1525 Par.
1081 1473 1116 1525 G.
1136 1474 1203 1541 Aug.

149 1592 153 1597 ,
188 1538 331 1587 Florentini
352 1542 454 1586 τοῦτον.
492 1537 591 1587 Deinde
615 1537 750 1592 Heindorf.
775 1537 808 1589 de
824 1537 973 1588 coniectura
990 1539 1108 1592 Forsteri
1135 1544 1204 1593 scri·

188 1605 240 1670 psit
258 1603 276 1654 d
293 1624 318 1654 u
337 1603 447 1668 dadon,
467 1620 518 1668 quo
538 1620 588 1654 non
607 1622 673 1670 opus
692 1613 741 1659 est.
775 1605 831 1658 Nec
848 1605 996 1658 necessaria
1014 1615 1055 1659 eat
1072 1611 1202 1661 correctio

188 1671 304 1723 Fischeri
324 1673 356 1722 ad
376 1673 479 1725 Weiier.
499 1672 531 1724 T.
547 1673 579 1724 li.
594 1689 619 1738 p.
632 1673 692 1727 275.
715 1673 879 1726 scribendum
895 1672 1032 1726 iudicantis
1050 1678 1073 1726 at
1089 1695 1116 1726 τι
1132 1675 1204 1731 ἕξοι.

258 1757 289 1807 Β,
326 1749 485 1806 navitatis
505 1774 565 1823 μοι
582 1754 731 1823 ἀτόπως]
757 1758 830 1810 Vett.
850 1757 925 1809 editt.
943 1755 1012 1809 πάνυ
1032 1778 1080 1826 μοι
1097 1756 1144 1811 οὖν
1162 1760 1204 1815 rit.

189 1825 266 1877 Bodl.
293 1825 358 1876 Veu.
384 1824 420 1872 il.
447 1825 523 1878 vind.
551 1830 581 1875 Y.
607 1824 674 1875 Tub.
699 1827 763 1877 zitt.
785 1823 854 1875 πάνυ
878 1828 926 1893 μὲν
951 1820 999 1877 oris
1022 1845 1069 1894 μοι
1092 1828 1204 1888 ἀτόπως.

188 1894 269 1945 Coisi.
298 1893 356 1944 vat.
374 1891 450 1944 vind.
477 1897 508 1943 Φ.
537 1893 597 1946 Par.
617 1893 745 1947 CGHL.
773 1895 862 1945 Ambr.
887 1894 956 1961 Aug.
978 1894 1048 1950 Flor.
1071 1912 1093 1948 c.
1118 1897 1143 1951 d.
1170 1914 1205 1952 m.

187 1961 256 2013 πάνυ
274 1955 323 2011 οὖν
339 1981 388 2027 μοι
405 1959 447 2013 oin.
468 1961 528 2015 Bas.
547 1962 572 2015 2.
594 1959 662 2010 πάνυ
680 1965 771 2026 μέντοι
789 1954 839 2010 adv
856 1959 900 2012 ἅτ.

257 2043 360 2095 ταύτὰ
386 2044 421 2108 δὴ
448 2043 505 2095 oda
529 2044 569 2096 ἄν
597 2044 643 2110 οἳ]
674 2045 704 2096 V.
729 2049 830 2109 ταῦτα,
854 2045 926 2111 quod
952 2046 1003 2099 iam
1028 2045 1165 2099 Fischerus
1190 2064 1206 2099 a

222 2213 286 2276 Cap.
307 2212 402 2266 XLIV.
447 2215 479 2265 P.
505 2213 546 2267 95.
597 2214 672 2263 Εἶεν
722 2214 807 2264 iocum
833 2213 1018 2277 interpretatur
1043 2216 1206 2282 Olympio·

187 2279 236 2345 δή]
255 2280 380 2347 Reisig.
398 2282 422 2331 in
441 2282 587 2332 Comment.
608 2298 671 2333 exe-
721 2280 822 2330 dorus
848 2297 887 2345 ap·
915 2280 1149 2342 Wyttenbach.
1179 2300 1206 2348 p.

186 2354 251 2412 gott.
276 2348 307 2400 nd
333 2349 454 2416 Sopiioci.
480 2350 547 2404 Oed.
567 2350 625 2401 Coi.
646 2367 669 2401 v.
720 2346 772 2402 250
800 2363 852 2412 sq.;
880 2347 974 2413 ineptis
1005 2351 1115 2412 argutiis
1147 2367 1206 2403 eum

189 2415 262 2470 1333.
299 2419 380 2482 „Hac
393 2435 466 2482 voce,
482 2419 573 2484 inquit,
592 2424 670 2468 utun·

185 2490 227 2536 tur
245 2487 338 2538 Graeci
364 2488 389 2538 in
414 2488 482 2539 omui
500 2503 595 2553 genere
612 2501 668 2536 aer-

185 2555 285 2617 monis‚
309 2557 350 2606 ubi
375 2556 408 2606 ad
429 2556 477 2606 aiia
497 2555 667 2619 progrediun-

186 2628 241 2671 tur:
261 2629 339 2684 atque
358 2630 399 2673 est
416 2625 504 2686 plane,
523 2629 553 2671 ut
572 2623 666 2672 Gram-

186 2687 270 2736 matici
306 2690 441 2752 definiunt,
478 2688 669 2754 συγκατάθεσις

184 2757 230 2818 μὲν
251 2760 302 2804 τῶν
331 2760 482 2822 εἰρημένων,
513 2755 612 2823 συναφὴ
641 2757 669 2807 δὲ

184 2821 251 2888 πρὸς
277 2821 309 2871 τὰ
333 2825 500 2888 μέλλονια.“
529 2840 552 2874 v.
581 2831 669 2875 nostra

167 2890 216 2941 'ad
236 2890 412 2958 Enthyphron.
431 2911 453 2960 p.
472 2892 507 2947 88
525 2908 565 2957 aq.

220 2958 255 3008 τὰ
282 2959 596 3028 μὲνἈρμονίας-]
617 2961 668 3010 So-

184 3034 269 3079 crates
298 3031 373 3097 εἴρον
403 3031 573 3083 Harmoniam
598 3028 669 3079 Tire-

184 3097 242 3147 bnni
266 3099 405 3165 Simmiae,
431 3100 454 3150 Ιι.
479 3116 502 3153 e.
529 3101 586 3152 eius
608 3111 667 3147 sen-

184 3165 291 3215 teutiam
326 3168 359 3218 de
395 3169 496 3232 animo,
532 3166 668 3234 propitiam

183 3228 276 3279 factam
303 3249 363 3284 esse
387 3233 410 3286 h.
429 3251 451 3286 e.
473 3235 611 3285 refutatam
630 3232 668 3281 di-

92 3343 100 3363 x}
185 3295 229 3340 cit.
265 3297 408 3349 Harmonia
426 3307 512 3351 autem
534 3302 582 3351 suit
602 3315 669 3351 uxor

184 3357 290 3422 Cadmi,
321 3365 388 3423 rearis
418 3365 610 3417 Thebanorum.
644 3380 668 3416 v.

79 3426 81 3435 “
182 3424 318 3478 Hesiod.
348 3429 448 3496 Tireog.
475 3447 498 3485 v.
523 3433 582 3487 937.
606 3433 666 3486 975.

184 3493 416 3564 Palaephatus
435 3515 456 3547 s.
470 3500 495 3551 7.
515 3499 666 3566 Apollod.

133 3597 135 3599 ·
184 3561 228 3613 111.
251 3559 284 3621 4,
308 3560 333 3614 2.
373 3563 413 3613 Ad
444 3568 551 3618 aiteram
580 3575 665 3618 autem

182 3627 367 3681 dubitationem
403 3648 417 3681 a
447 3633 547 3685 Cebete
576 3635 665 3685 itidem

182 3696 307 3748 Thebano
356 3695 460 3748 adlatam
514 3701 666 3752 transiturus

720 2421 846 2467 vexarunt
863 2414 1041 2467 Dacierius
1060 2419 1162 2482 aliique.

754 2487 955 2547 θαυμαστῶς
984 2508 1018 2520 -
1047 2483 1085 2542 ῶς
1113 2487 1205 2551 παρὰ

719 2550 836 2618 δόξαν]
860 2552 904 2603 Sic
928 2566 950 2604 e.
973 2548 1015 2603 45·
1040 2555 1206 2618 θαυμαστῶς

718 2617 752 2676 ῶς
769 2617 925 2684 ἐπεθύμησα
944 2634 966 2669 c.
985 2618 1028 2672 49.
1046 2626 1111 2670 extr.
1131 2625 1205 2672 θαο·

718 2693 823 2753 μαστῶς
847 2686 898 2754 γάρ
922 2705 972 2754 μοι
989 2687 1062 2751 δονεῖ
1077 2687 1110 2743 ὡς
1128 2690 1205 2755 ἔναρ-

718 2761 768 2821 μῶς
785 2782 820 2792 -
838 2759 918 2806 εἰπεῖν
942 2756 1033 2812 ἐκεῖνος
1058 2761 1150 2807 ταῦτα.
1177 2775 1203 2822 ρ,

719 2824 762 2878 99.
782 2825 815 2877 D.
838 2822 972 2892 ὑπερφυῶς
993 2829 1038 2889 μὲν
1055 2818 1118 2889 σῶν,
1142 2827 1202 2892 ἔφη,

718 2891 752 2948 ὡς
768 2891 911 2956 βούλομαι.

754 2962 783 3010 a!
809 2962 841 3010 τι
868 2960 933 3015 ἳὲει
957 2979 1006 3018 τις
1029 2962 1097 3027 χρ]
1129 2957 1155 3008 Ιι.
1180 2975 1205 3010 e·

719 3028 745 3078 ai
765 3029 839 3092 quis
857 3028 1002 3080 haberet
1023 3026 1109 3094 quod
1129 3029 1205 3077 eius

719 3095 941 3162 disputationi
960 3095 1204 3161 responderet.

719 3165 833 3214 Prorsus
876 3164 970 3215 eodem
1009 3164 1088 3214 modo
1123 3163 1202 3221 Hipp.

718 3231 780 3285 Mai,
805 3248 831 3296 p,
857 3229 918 3285 299.
943 3231 975 3279 B.
998 3228 1055 3276 ἀλλ’
1086 3229 1153 3302 ἔχεις
1176 3242 1203 3269 τι

717 3304 841 3363 χρῆσθαι
854 3305 888 3364 τῷ
906 3293 984 3358 λόγῳ,
1007 3294 1023 3355 ἤ
1039 3311 1066 3340 τι
1084 3289 1125 3336 ani
1137 3287 1202 3367 αλλο

718 3368 843 3432 &peripsam
873 3365 912 3415 De
929 3364 952 3410 at
970 3363 1031 3423 post
1054 3353 1203 3434 θαυμαζξιν

719 3435 807 3496 posito
831 3430 907 3482 hodie
930 3432 991 3476 nota
1016 3426 1077 3472 sunt
1107 3436 1201 3476 omma.

721 3501 762 3551 Ex
780 3496 942 3550 corrections
966 3495 1050 3540 ortum
1074 3492 1202 3551 estquod

718 3569 813 3633 iegitur
830 3566 855 3616 in
873 3561 972 3635 aliquot
994 3555 1071 3609 codd.
1092 3554 1136 3604 dn
1155 3573 1201 3621 pro

718 3636 791 3754 alvia:
836 3694 894 3758 τὴν
922 3687 1052 3754 πρῶτον
1085 3689 1203 3756 ἔφοδον

183 3765 274 3816 Cadmi
292 3764 354 3816 facit
375 3766 539 3820 mentionem.
575 3771 666 3832 Itaque
717 3767 753 3817 οὔ
789 3759 972 3824 δέξασθαι]
1015 3758 1039 3808 Ιι.
1074 3775 1095 3810 e.
1132 3761 1221 3841 pri-¹

183 3835 215 3884 ιὰ
237 3831 354 3899 Κάδμου
373 3834 567 3885 vocatCebetis
586 3837 666 3887 ratio-
716 3848 800 3886 mum
823 3832 983 3907 impetum
1009 3841 1071 3908 uon
1097 3832 1201 3908 austr-

183 3918 256 3966 nem,
291 3903 333 3967 qui
367 3907 533 3954 concesserat
561 3902 666 3966 quidem
716 3916 810 3952 nare.
845 3896 970 3976 Proxima
1000 3911 1036 3946 aro
1060 3897 1200 3977 intelligam

183 3972 285 4023 animos
303 3978 364 4038 post
382 3975 495 4022 mortem
513 3984 667 4035 superesse3
716 3966 765 4019 oon
787 3963 820 4014 ὃν
846 3964 1031 4028 mmmm,
1059 3965 1083 4013 εὶ
1112 3962 1155 4012 καὶ
1185 3982 1198 4009 ⁰

183 4039 291 4092 eosdem
338 4052 467 4103 nunquam
517 4037 667 4087 interituros
717 4037 765 4084 τοῦ
787 4028 902 4097 Κάδμου
926 4029 1003 4097 λόγος
1027 4032 1057 4097 (ἰ.
1082 4048 1106 4082 e·
1130 4044 1202 4082 ¹¹¹0ss

182 4121 242 4159 esse
259 4114 408 4175 negaverat.
442 4107 584 4161 Μυστικῶς
601 4101 667 4154 iuno
717 4098 827 4166 ipsius
844 4098 948 4166 ratio)
965 4098 1049 4153 ταύτὰ
1068 4096 1165 4150 πάνυ.
