2604 4620
149 194 197 264 re
509 188 796 301 palasano
901 205 907 218 ·

147 400 295 456 oraturus
309 407 414 451 essem
428 386 492 452 nisi
506 386 577 467 hoc,
591 399 629 454 ut
642 388 721 455 mihi
740 389 806 489 ipsi
828 389 957 457 viderer
977 392 1163 459 inconstans
1191 441 1195 445 -

147 496 219 542 esse
231 472 376 568 adeoque
386 469 552 570 ridiculus.
564 472 681 562 Itaque
691 472 771 538 miln
780 497 902 540 morem
913 498 1020 576 geras,
1033 499 1163 565 quaeso,

146 577 249 641 neque
263 553 356 619 ahter
368 553 481 621 sacras.
498 555 663 637 Quocirca
679 556 771 624 Crito
785 559 906 626 arcessi
919 562 1015 627 russit
1026 561 1163 630 carceris

144 637 336 717 ministrum,
352 638 408 727 qui
422 640 573 726 poculum
587 643 726 709 afferret.
743 640 850 725 Quem
864 645 994 746 quidem
1003 645 1163 711 hominem

76 793 79 797 ,
142 725 272 787 intuens
288 719 452 805 Socrates,
467 748 540 814 age,
554 727 670 817 inquit,
686 751 706 794 o
721 728 816 809 bone,
831 730 910 819 qurd
920 730 1025 797 faeere
1035 753 1088 796 me
1099 730 1163 794 iam

71 837 74 840 ·
142 809 291 890 oportet?
308 820 344 874 tu
359 810 445 877 enim
459 813 556 879 nosti.
573 811 684 896 Quum
694 804 852 894 hauseris,
861 815 1040 903 inquitille,
1052 813 1162 880 obam-

142 889 282 972 bulabis,
302 895 381 960 dum
400 920 508 983 genua
526 899 655 984 gravari
678 899 814 965 sentias:
844 910 911 965 tum
933 923 1008 967 vero
1026 900 1060 964 in
1080 900 1163 965 lecto

141 977 321 1043 recumbes.
338 979 402 1042 His
417 981 512 1044 dictis
527 982 557 1043 ei
571 983 724 1077 poculum
737 985 892 1066 porrexit.
916 982 1014 1065 Quod
1033 982 1163 1072 quidem

144 1056 297 1126 Socrates
310 1060 356 1125 ita
371 1083 447 1126 acce
471 1061 506 1138 it,
523 1062 602 1126 nihrl
616 1075 653 1127 ut
667 1065 793 1128 timeret
807 1079 863 1129 aut
878 1069 1003 1134 vultum
1013 1077 1162 1134 mutaret.

144 1142 236 1226 Quid
257 1146 354 1210 vero?
376 1145 432 1221 ait,
448 1083 567 1209 licetne
588 1145 650 1210 diis
668 1145 900 1211 immortalibus
916 1151 956 1212 de
970 1152 1032 1215 hoc
1046 1151 1163 1234 poculo

142 1230 257 1296 offerre
271 1228 480 1296 libationem?
500 1226 576 1292 Noli
597 1228 658 1294 hoc
678 1228 795 1306 faeere,
816 1229 964 1294 minister
977 1235 1161 1313 respondit;

141 1337 247 1402 neque
262 1315 347 1382 enim
361 1314 435 1398 plus
450 1313 574 1378 cicutae
589 1335 752 1397 paramus,
774 1334 873 1401 quam
903 1322 1060 1398 quantum
1082 1316 1160 1377 satis

140 1420 213 1463 esse
238 1398 376 1463 videtur.
403 1395 489 1460 Tum
512 1394 581 1472 ille,
607 1407 641 1462 at
664 1418 778 1480 preces
803 1408 924 1473 tamen,
949 1396 985 1460 in
1007 1396 1070 1473 uit,
1097 1393 1160 1462 diis

140 1480 375 1546 immortalibus
395 1480 501 1544 facere
520 1479 562 1544 ad
582 1479 644 1564 hoc
661 1479 812 1564 poculum
833 1480 924 1558 licet,
950 1491 987 1545 ut
1067 1480 1160 1546 emi·

140 1565 247 1666 gratio
268 1563 346 1629 mihi
365 1562 448 1628 bene
466 1560 600 1629 feliciter
622 1587 663 1630 ue
682 1564 818 1630 eveniat.
839 1563 956 1652 Itaque
977 1564 1076 1631 hoca
1098 1565 1160 1631 diis

139 1647 375 1728 immortalibus
388 1668 503 1730 precor
516 1657 554 1712 ut
598 1648 605 1664 '
632 1649 821 1736 ‘contingat
835 1647 900 1715 His
906 1649 1002 1715 dictis
1008 1650 1160 1735 poculum

138 1732 233 1799 hilari
248 1743 281 1798 et
294 1731 466 1819 tranquillo
481 1732 587 1800 animo
602 1733 760 1799 exhausit.
781 1733 852 1801 Nos
866 1757 942 1800 vero
957 1757 1031 1800 cum
1046 1734 1160 1799 viden-

139 1829 189 1887 tes
208 1816 387 1895 bibentem,
408 1840 508 1903 quum
529 1818 634 1886 adhuc
654 1818 710 1886 vix
724 1817 979 1884 cohibuissemus
998 1818 1159 1896 lacrimas,

140 1914 209 1977 tum
223 1924 299 1968 vero
313 1925 379 1968 non
393 1903 533 1989 amplius
549 1904 715 2004 potuimus
730 1904 823 1970 nobis
838 1928 858 1969 a
871 1903 1012 1969 lacrimis
1035 1913 1159 1989 tempe·

140 2011 222 2054 rare.
237 1984 385 2051 Fuerunt
399 1988 496 2053 etiam
511 2011 568 2074 qur
581 2013 700 2075 magna
715 2012 793 2053 voce
808 1989 963 2061 eiularent
983 1999 1015 2053 et
1028 1998 1160 2074 pectora

140 2071 314 2137 tunderent
328 2093 408 2170 prae
422 2093 566 2135 maerore.
583 2069 736 2136 Socrates
751 2082 869 2148 autem,
885 2072 964 2169 quid
978 2073 1093 2158 agitis,
1108 2071 1159 2136 in·'

137 2166 220 2305 mut,
235 2178 255 2220 o
269 2155 366 2220 bom?
380 2178 456 2219 nam
470 2154 553 2218 hane
566 2154 672 2238 ipsam
687 2152 728 2217 ob
744 2176 874 2217 oausam
884 2155 1035 2219 muheres
1046 2179 1158 2221 aman-

180 2239 229 2305 vi:
246 2240 356 2305 audivi
370 2238 456 2303 enim
467 2237 560 2303 bonis
571 2237 731 2302 ominibus
742 2236 943 2302 moriendum
954 2260 1035 2303 esse.
1046 2238 1095 2301 At
1117 2262 1159 2304 ue

138 2341 199 2390 nos
216 2324 268 2390 his
287 2324 407 2389 auditis
426 2322 613 2388 erubuimus
634 2332 666 2387 et
683 2321 832 2386 lacrimas
851 2322 1074 2408 repressimus.
1141 2346 1159 2388 e

138 2432 215 2475 vero
237 2432 337 2495 quum
356 2407 532 2494 paullisper
554 2405 806 2485 obambulasset,
832 2430 926 2471 crura
946 2405 1008 2472 sibi
1028 2407 1158 2493 gravari

55 2511 57 2514 ⁴
139 2493 291 2571 sentiens,
308 2492 442 2580 supinus
456 2492 492 2555 in
504 2491 622 2556 lectulo
636 2490 793 2556 recubuit.
808 2490 910 2555 Morti
925 2502 1032 2556 autem
1046 2491 1158 2576 proxi-

137 2602 222 2656 mus,
237 2600 257 2643 o
274 2574 376 2654 Crito,
391 2576 507 2662 inquit,
523 2573 719 2663 Aesculapio
739 2575 893 2641 debemus
935 2576 1047 2640 allum:
1070 2575 1157 2641 huno

137 2661 239 2750 igitur
263 2662 325 2727 deo
350 2661 484 2725 reddite.
512 2657 611 2740 Quod
637 2682 735 2748 quum
753 2657 843 2726 Crito
860 2683 894 2726 se
908 2599 1070 2726 Saeturum
1085 2684 1157 2726 esse

77 2765 80 2769 ’
162 2746 344 2812 olliceretur
365 2767 502 2832 eumque
522 2755 663 2831 rogaret,
682 2769 760 2809 num
780 2745 859 2833 quid
877 2745 965 2810 aliud
979 2745 1084 2823 vellet,
1104 2745 1158 2809 ille

137 2769 252 2897 leniter
288 2829 457 2916 lacideque
472 2829 612 2894 animam
627 2830 813 2914 exspiravit.
830 2828 896 2894 Hic
910 2829 971 2894 fuit
986 2829 1071 2895 vitae
1087 2829 1156 2894 exi-

138 2925 202 2992 tus,
217 2938 237 2980 o
251 2854 459 2991 dchecrates,
476 2936 571 2998 quem
585 2912 699 2978 habuit
713 2914 836 2979 amicus
850 2924 970 2992 noster,
986 2936 1050 3001 quo
1064 2913 1156 2978 meli-

138 3022 238 3077 orem,
253 2998 494 3085 prudentiorem
508 3009 605 3100 atque
619 2998 784 3065 iustiorem
799 2998 904 3065 virum
918 3019 978 3064 nec
997 3021 1057 3063 nos
1078 3019 1155 3083 cog-

136 3083 285 3170 norimus
299 3106 358 3149 nec
372 3107 516 3173 unquam
530 3084 632 3152 vlsurl
648 3095 723 3151 sunt
732 3083 897 3172 posteri*).

546 3280 739 3290 ψ-

140 3375 155 3421 '.
179 3393 235 3460 En
259 3393 360 3460 habes
386 3403 612 3482 argumentum
637 3391 772 3478 dialogi,
797 3390 938 3456 breviter
974 3389 1083 3454 uidem
1099 3388 1156 3453 sed

84 3516 87 3521 v
135 3502 233 3570 quam
246 3478 431 3545 fidelissime
446 3479 592 3544 relatum.
609 3475 684 3558 Quo
699 3474 952 3564 expositoetiam
986 3472 1154 3538 econsilio

134 3564 249 3650 paucis
275 3562 431 3630 disserere
463 3563 645 3645 consultum
670 3561 811 3640 videtur,
839 3558 925 3647 quod
960 3556 1096 3644 scriptor
1120 3558 1154 3622 in

135 3648 331 3715 elaborando
350 3649 411 3714 hoc
431 3670 528 3733 opere
549 3645 754 3733 potissimum
776 3653 932 3733 sequutus
954 3642 1013 3741 sit.
1039 3640 1153 3730 Neque

135 3732 232 3812 enim,
246 3733 301 3799 illo
315 3755 381 3798 non
395 3741 574 3820 perspecto,
589 3731 761 3820 quisquam
776 3752 814 3796 eo
832 3738 1009 3816 pervemat,
1030 3736 1066 3791 ut
1084 3749 1152 3791 cm-

138 3928 340 3941 .-.....-.-——-

188 4015 215 4079 r)
233 4017 264 4067 P.
286 4022 341 4068 ns.
359 4019 390 4068 Β.
413 4059 437 4066 -
463 4022 519 4066 rra.
