2604 4620
153 233 217 295 254

458 231 661 294 sunnonis
685 187 863 295 uiiauu'o.

156 402 269 488 ὀλίγον
293 400 418 493 χρόνον
445 400 605 472 ὃιαλιτιων
624 400 769 483 ἐκινήθη
796 431 828 472 τε
856 412 909 481 καί
938 404 955 474 ὁ
983 402 1179 498 ἄνθρωπος

155 501 355 597 ἐξεκάλυφιν
381 503 507 584 αὐτόν,
536 507 591 571 καὶ
618 499 655 580 ὃς
681 500 722 567 τά
749 499 888 591 ὄμματα
918 512 1067 589 ἔστησεν·
1095 506 1177 578 ίὸοίν

158 607 191 670 δὲ
219 600 237 668 ὁ
264 608 397 694 Κρίτων
425 606 578 690 ξυνέλαβε
604 600 642 668 τὸ
669 599 774 686 στόμα
802 632 836 673 τε
862 610 917 674 καὶ
934 602 1015 686 τους
1032 607 1176 701 ὀφθαλ-

97 752 102 757 -
153 726 247 789 μους.

231 799 315 896 Cap.
349 797 500 870 LXVII.
549 798 633 868 Ἥὸε
672 799 692 883 ἡ
729 803 879 885 τελευτή,
921 796 945 871 ὦ
979 805 1176 894 Ἐχέκρατες,

156 905 216 968 τοῦ
244 910 378 993 ἑταίρου
407 900 487 988 ἡμῖν
511 907 655 996 ἐγίνετο,
688 900 832 991 άνὸρός,
861 903 905 982 ὡς
929 903 1022 992 ἡμεῖς
1049 920 1175 1001 φαῖμεν

156 997 216 1081 άν,
250 1007 316 1070 τῶν
348 999 423 1070 τότε
459 991 505 1067 ὧν
540 999 767 1089 ἐπειράθημεν
793 1001 950 1092 ἀρίστου,
987 1011 1042 1076 καὶ
1068 1004 1175 1086 άλλως

153 1102 409 1192 φρονιμωτάτου
435 1105 489 1167 καὶ
514 1097 737 1169 δικαιοτάτου.

224 1306 286 1352 τῶν
309 1299 401 1366 τότε]
425 1299 525 1349 Desunt
550 1296 611 1349 lmec
635 1299 659 1349 in
684 1298 764 1349 Coisl.
800 1296 873 1348 ldem
898 1298 989 1350 deinde
1012 1314 1071 1350 cum
1096 1300 1173 1354 vind.

155 1375 186 1422 Φ,
206 1367 406 1439 φρονιμωτάτου
424 1385 452 1417 τε
471 1367 514 1415 καὶ
530 1366 582 1418 δικ.

187 1504 223 1555 τὰ
244 1503 377 1569 ὄμματα
397 1504 636 1566 1οτηαεν1οσιι-
688 1504 746 1563 κῶς,
766 1507 794 1551 ut
807 1498 965 1551 referendum
984 1499 1017 1550 sit
1034 1499 1067 1552 ad
1088 1502 1171 1553 vitam

154 1579 205 1626 los
253 1573 395 1632 fixerat,
437 1571 528 1620 oculi
569 1569 637 1620 eius
688 1569 818 1620 Socratisz
844 1575 927 1632 tum,
953 1583 1052 1632 quum
1082 1570 1171 1620 viue-

154 1642 385 1706 0brigueraut.
427 1654 450 1688 v.
495 1638 635 1688 Dorviil.
687 1637 1171 1688 retetnobiseiussamilia-

153 1712 185 1762 ad
205 1708 300 1759 citarit.
320 1723 345 1773 ρ.
363 1704 423 1758 104.
687 1705 791 1756 ritate
829 1706 875 1755 uti
914 1705 1046 1757 liceret.
1089 1706 1169 1759 Quod

186 1777 343 1839 ξυνέλαβε
360 1794 383 1824 τ.
400 1773 455 1838 ατ]
471 1787 636 1837 compres-

152 1847 201 1897 sit
232 1861 253 1898 s.
285 1843 479 1907 composuit
508 1856 551 1890 os.
584 1839 635 1890 vid.

151 1913 363 1966 Kirchmann.
387 1910 420 1960 de
443 1908 589 1960 Funeribus
612 1908 635 1958 1.

151 1982 176 2036 6.
204 1998 229 2047 p.
255 1981 299 2033 45.
330 1985 356 2030 et
382 1977 571 2029 casaubon.
601 1976 635 2026 ad

150 2050 242 2101 Suet.
262 2050 354 2099 Octav.
372 2046 415 2100 99.
603 2102 615 2114 ν

185 2115 373 2182 Cap.LXVll·
410 2118 471 2162 τῶν
497 2109 635 2162 τάτεὼν

150 2179 631 2250 ἐκειράθ.]ΗαοοΨγῐῐεοίιοαΙι.

151 2258 177 2302 et
195 2251 221 2301 H
233 2249 376 2302 eindors.
398 2250 487 2298 vitiata
506 2264 565 2297 esse
584 2262 633 2312 pu-

150 2325 251 2383 tarunt,
277 2335 309 2370 ex
334 2319 427 2382 quibus
446 2317 489 2366 ilie
510 2321 558 2364 τῶν
576 2313 632 2364 πώ-

148 2405 212 2438 τιοτε
242 2386 407 2438 scribendum
444 2384 558 2443 censuit,
593 2383 633 2433 liic

149 2462 232 2507 totum
257 2458 343 2507 locum
368 2455 405 2504 sic
427 2452 511 2504 voluit
528 2451 632 2515 refingi:

147 2523 257 2590 ἄνδράς,
287 2521 320 2580 ὥς
356 2521 431 2587 ἡμεῖς
463 2526 558 2585 φαῖμεν
590 2521 632 2582 civ,

111 2630 125 2643 ..
147 2591 265 2654 πάντων,
298 2589 360 2640 τότε
385 2588 419 2644 ὡς
447 2585 632 2654 ἐπειράθημεν,

147 2657 255 2722 ἀρίστου
279 2657 322 2706 καὶ
352 2656 435 2712 άλλως
467 2653 633 2723 φρονιμωτά-

148 2742 196 2774 του
220 2724 262 2773 aui
290 2723 469 2774 δικαιοτάτου.
511 2721 632 2783 (ludicen,

147 2792 300 2844 medicinam
319 2793 341 2843 si
358 2808 434 2856 quam
455 2791 553 2855 cupias,
575 2790 631 2839 nul-

147 2862 196 2911 lam
216 2861 341 2923 afferunt,
360 2865 541 2925 praeterquam
560 2856 629 2921 quod

147 2929 227 2982 Coisl.
245 2933 294 2978 τῶν
320 2927 382 2978 τότε
401 2929 506 2977 omittit.
542 2928 629 2976 Anne

146 3008 213 3062 opus
242 2998 345 3061 quidem
379 3002 419 3046 est
449 2997 515 3056 ulla,
547 3008 628 3055 qnan-

98 3121 102 3126 A
145 3065 282 3130 doquidem
307 3068 379 3117 locus
404 3070 444 3115 est
467 3062 628 3113 sanissimus.

145 3133 212 3184 Nam
238 3134 397 3198 respondent
424 3133 489 3182 inter
512 3145 541 3180 se
564 3130 628 3178 invi·

146 3215 203 3251 cem
232 3203 310 3252 verbu
343 3207 392 3249 τῶν
422 3199 484 3248 τότε
502 3189 537 3248 ὧν
558 3200 626 3247 iuss-

145 3266 266 3331 ράθημεν
289 3274 315 3318 et
332 3268 374 3316 καὶ
392 3267 484 3329 ἄλλως,
502 3270 531 3315 ut
545 3263 630 3316 Pltue·

146 3333 180 3384 ‹lo
203 3334 251 3384 Ιιοο
275 3335 356 3385 dicat:
383 3335 462 3396 viri,
489 3333 544 3397 qni
569 3347 627 3382 no·

146 3407 216 3451 stra
254 3402 471 3453 sententia
507 3414 626 3462 eorum,

145 3483 227 3531 quos
258 3474 336 3531 tum,
365 3485 457 3534 quam
484 3467 625 3529 uiueret,

144 3551 203 3588 usu
247 3539 476 3601 cognovimus,
520 3551 625 3601 prae-

144 3604 624 3667 stantissimuserat‚etalio-

141 3681 218 3746 quin
242 3673 333 3742 (auch
352 3676 464 3733 annst)
491 3672 624 3738 sapien·

143 3748 300 3801 tissimus
334 3751 436 3809 atque
473 3742 625 3793 iustissi-

142 3815 300 3869 musconl.
311 3830 336 3880 p·
348 3812 476 3866 ltss.c.ot
487 3809 511 3862 δ’
528 3807 624 3875 lybani

139 3885 224 3944 άλλως
242 3886 336 3950 lyranus
358 3884 385 3931 ἰν
401 3879 487 3944 τοιίτφ
504 3877 541 3946 τῷ
556 3877 624 3946 χρά-

139 3972 173 4018 νφ
192 3950 385 4020 γενναιότατον,
404 3949 453 3999 καί
465 3945 495 4010 δὴ
517 3951 562 3995 νῦν
579 3945 623 3994 καὶ

138 4039 165 4068 ιιι
188 4021 246 4070 uilia
265 4018 375 4084 ὅτι-οὐκ
388 4016 447 4083 ἐμοὶ
457 4013 618 4080 χαλεπανεῖς.

138 4087 230 4159 ltaque
249 4086 310 4139 τότε
330 4086 443 4159 positum
464 4088 504 4135 est
525 4080 621 4134 δεικτι-

686 1787 720 1824 ne
742 1773 783 1823 cui
805 1772 919 1824 insolens
937 1771 1067 1837 videatur,
1089 1789 1170 1826 vocn-

686 1842 736 1891 lam
759 1856 809 1891 non
827 1855 887 1891 raro
906 1840 965 1905 poni
984 1841 1112 1898 δεικτικῶς
1133 1841 1168 1893 de

686 1914 805 1973 tempore
839 1909 926 1971 aliquo
961 1910 1103 1974 praetento
1134 1910 1169 1960 ad

686 1977 788 2026 Politia.
812 1993 838 2041 p.
860 1975 920 2030 263.
938 1975 970 2027 Ε.
993 1976 1170 2038 ostendimua;

686 2044 774 2094 docuit
807 2046 869 2096 item
906 2044 1092 2095 Brunclius
1132 2046 1169 2096 ad

685 2111 818 2178 Aristoph.
837 2113 948 2180 Lysistr.
966 2128 991 2163 v.
1006 2110 1079 2166 1023.
1099 2113 1170 2166 conl.

685 2182 763 2230 etiam
790 2186 879 2231 nostra
909 2180 941 2231 nd
975 2182 1081 2247 primam
1104 2181 1169 2235 edit.

684 2247 781 2298 Phileb.
807 2265 832 2314 p.
858 2247 916 2302 114.
938 2249 997 2299 anni
1022 2248 1096 2304 1820.
1133 2249 1170 2300 Et

684 2316 806 2367 solemnis
844 2317 945 2367 omnino
982 2322 1023 2368 est
1057 2318 1170 2369 formula

683 2388 733 2433 τῶν
750 2381 809 2433 τότε
828 2383 853 2434 in
871 2384 1000 2435 eiusmodi
1013 2386 1168 2451 praeconiis.

683 2451 765 2501 Plat.
795 2451 879 2517 Epist.
910 2453 965 2503 Vll.
991 2470 1018 2518 p.
1047 2452 1107 2506 324.
1135 2452 1169 2508 Ε.

684 2517 810 2584 Σωκράτη
829 2518 876 2569 οὐκ
893 2518 926 2570 ἂν
942 2521 1114 2587 αἰσχυνοίμην
1130 2522 1169 2570 εί-

683 2585 736 2636 τιών
753 2586 920 2637 δικαιότατον
945 2587 1012 2638 εἶναι
1035 2595 1088 2639 ’τῶν
1105 2588 1168 2639 τότε
1205 2588 1210 2593 ’

683 2655 760 2719 (den
797 2655 1042 2720 geraehtesten
1070 2657 1168 2708 Mann

683 2723 795 2774 seiner
814 2724 915 2788 Zeit).
934 2725 1055 2790 Sympos.
1068 2742 1093 2791 p,
1107 2723 1166 2778 173.

682 2791 713 2840 Β.
738 2789 849 2858 ἐραστὴς
872 2791 907 2841 uir
928 2793 954 2840 ἰν
977 2798 1033 2850 τοῖς
1051 2791 1167 2857 μάλιστα

680 2859 845 2911 τῶν·τάτε.
864 2859 1008 2925 Xenoph.
1031 2860 1112 2911 Anah.
1130 2861 1166 2911 li.

679 2925 711 2987 2,
731 2925 774 2982 20.
792 2925 892 2992 κάρυκα
909 2927 1015 2994 ἄριστοι
1033 2933 1095 2978 τῶν
1113 2927 1167 2978 τά-

678 3012 710 3043 τε
731 2996 763 3048 al.
800 2996 877 3047 Quae
894 2997 916 3046 si
936 3012 996 3047 vere
1014 2997 1049 3047 ita
1067 2996 1167 3047 indica-

679 3062 777 3124 vimus,
801 3064 913 3114 universi
937 3065 988 3115 loci
1007 3065 1164 3115 sententiam

679 3128 726 3179 imc
744 3130 829 3182 redire
845 3131 1008 3196 intelligitur:
1028 3131 1080 3196 qui
1100 3145 1163 3182 non

678 3197 775 3248 modo
811 3199 999 3263 aequalium
1038 3200 1164 3263 ipsius,

678 3264 776 3328 ιμιοεἱ
801 3267 1035 3331 cognovimus,
1075 3267 1160 3328 opti-

679 3348 748 3383 mus
784 3334 865 3398 suit,
906 3332 965 3383 sed
1000 3331 1160 3382 omnino

678 3403 825 3453 omnium
876 3396 1159 3464 sapientissimus

678 3474 712 3520 et
738 3468 950 3520 iustissimus.
991 3463 1158 3516 Praeclarum

676 3552 739 3588 vero
757 3537 858 3589 virtutis
875 3532 1056 3599 praeconium,
1080 3547 1160 3595 prae·

676 3606 765 3656 sertim
791 3606 816 3655 in
841 3607 911 3652 tanta
929 3599 1053 3650 orationis
1072 3600 1160 3651 brevi-

674 3678 738 3727 tate.
777 3672 841 3724 Nam
866 3668 972 3737 ἄριστος
1001 3666 1098 3731 pariter
1129 3684 1161 3720 ac

676 3738 871 3808 φρονιμώτατος
914 3733 957 3784 καί
992 3734 1161 3794 δικαιότατος

675 3824 765 3860 omnes
782 3805 875 3859 mentis
901 3803 1033 3867 animique
1051 3805 1160 3855 virtutes

673 3875 868 3943 complectitur,
887 3872 1096 3936 quandoquidem
1119 3873 1159 3922 st-

672 3962 746 4002 καιος
763 3956 841 3995 seusu
868 3941 962 3994 latiore
980 3940 1159 4006 accipiendum
1199 4003 1202 4011 Ι

672 4020 720 4066 est.
757 4012 882 4064 Ceterum
907 4009 975 4062 cont.
998 4009 1115 4060 annad
1133 4025 1158 4075 p.

671 4080 713 4136 ³7.
731 4083 763 4133 Α.
781 4097 816 4134 =
833 4097 858 4146 p.
876 4078 901 4136 4.
921 4078 995 4141 huius
1013 4077 1073 4133 edit.
