2604 4620
173 262 174 267 a
279 273 282 276 .
381 222 774 304 rnnnnoqnssr.
869 294 872 305 ¹
1065 225 1088 282 u

73 409 127 470 καὶ
154 406 296 487 δημοσίᾳ
320 403 445 487 μηδένα
471 360 729 474 ἀνιιοκτιννύναι,
770 398 847 480 πρὶν
882 389 926 459 ἂν
953 402 997 472 εὶς
1023 395 1087 474 Λῆ-

72 505 131 572 λόν
158 529 193 571 ra
219 501 385 594 ἀφίκηται
417 496 456 566 τὸ
483 501 601 563 πλοῖον
626 501 680 562 καὶ
709 493 809 562 πάλιν
835 497 948 579 δεῦρο·
982 497 1085 561 τοῦτο

72 604 103 672 δ’
138 608 240 671 ἐνίοτε
273 609 310 670 ἐν
343 602 454 684 πολλῷ
488 594 598 683 χρόνῳ
635 601 796 681 γίγνεται,
830 593 913 661 ὅταν
947 593 1086 681 τύχωσιν

71 701 190 792 ἄνεμοι
215 699 449 787 ἀπολαβόντες
475 696 609 776 αὐτούς.
636 694 722 784 ἀρχὴ
750 696 780 762 δ’
813 700 880 761 ἐστὶ
907 700 970 774 τῶς
995 699 1085 764 dau·
1116 697 1142 757 (i
1212 758 1215 765 ,

69 934 182 998 Tubing.
205 929 270 981 Ven.
291 929 326 982 ll.
345 929 419 981 lind.
438 932 470 982 Φ.
489 928 578 980 Ambr.

141 998 222 1050 drus
246 996 395 1061 τύχωσιν
417 995 551 1062 ἄνεμοι]
596 995 738 1047 Articulum
763 994 790 1043 oi
813 996 889 1059 vulgo
911 1002 971 1046 unte
992 994 1085 1062 draptes

70 1068 252 1133 interpositum
272 1067 347 1119 Bodl.
367 1067 445 1118 Coisl.
465 1072 491 1118 et
508 1065 624 1132 plerique
646 1079 737 1116 omnes
758 1064 896 1127 omittunt3
916 1069 1004 1116 tuetur
1022 1065 1083 1117 Par.

72 1139 120 1198 lh,
141 1149 218 1200 quem
236 1135 381 1201 Stephanus
399 1140 438 1186 est
456 1141 568 1188 secutus.

73 1303 239 1354 lebratissimn
267 1303 308 1354 illa
338 1302 395 1354 Deli
420 1303 549 1363 lustratio,
601 1301 633 1356 ll.
654 1319 679 1368 p.
697 1301 761 1357 218.
778 1301 900 1353 Miller
918 1302 956 1352 bs
976 1301 1084 1352 Dorien-

70 1387 146 1436 quam
183 1371 203 1420 is
239 1373 370 1423 luculente
404 1370 549 1436 descripsit.
602 1372 681 1426 sibus.
700 1371 760 1421 T.l
784 1386 807 1434 p.
823 1368 882 1423 243.
920 1369 959 1419 lix
978 1368 1015 1420 his
1034 1370 1084 1435 igi·

69 1441 229 1504 Quamquam
252 1441 330 1492 etiam
356 1439 450 1491 dudum
473 1447 549 1490 auten
601 1446 643 1491 tur
668 1437 832 1491 manifestum
857 1446 899 1489 est
927 1440 996 1503 apud
1021 1439 1082 1490 Pla·

68 1510 132 1558 inter
153 1507 321 1560 Athenienses
348 1524 380 1558 ac
400 1509 455 1558 Deli
475 1509 548 1559 inco·
600 1515 687 1558 tonem
708 1523 790 1558 annua
803 1508 877 1558 Delia
896 1508 1012 1574 intelllgi,
1031 1521 1082 1558 non

69 1579 105 1626 las
132 1577 220 1626 similis
251 1584 322 1628 certe
349 1576 457 1627 obtinuit
485 1591 549 1626 con·
599 1575 800 1642 quinquennalia.

68 1645 162 1695 iunctio
182 1652 209 1695 et
225 1645 406 1706 necessitudo,
432 1645 549 1708 quando·
634 1643 684 1695 dai
708 1645 761 1692 καὶ
785 1642 919 1709 νῦνέτι]
956 1644 1082 1694 Servatus

67 1713 172 1776 quidem
200 1711 367 1775 Thucydides
397 1719 484 1761 narrat
509 1713 548 1761 in·
600 1712 640 1762 hic
666 1727 724 1762 mos
747 1719 789 1762 est
810 1727 895 1776 usque
913 1711 947 1761 nd
964 1719 1082 1775 tempora

68 1781 150 1828 sulam
186 1779 236 1828 iarn
274 1781 335 1828 olim
370 1794 385 1828 a
412 1780 550 1828 Pisistrato
601 1779 725 1828 Demetrii
750 1778 884 1840 Phalerei,
912 1785 980 1828 teste
1010 1781 1082 1829 Plu·

69 1847 148 1896 luisse
162 1847 306 1907 lustratam,
319 1845 474 1908 omninoque
490 1858 553 1894 con·
603 1850 635 1894 ta
644 1843 723 1894 rcho
742 1845 766 1893 in
784 1847 838 1894 vita
849 1845 945 1895 Thesei
958 1861 983 1907 p.
997 1847 1038 1897 lu.
1051 1847 1083 1898 C.

67 1920 162 1964 ventus
181 1915 247 1964 istos
266 1913 356 1962 ionum
376 1917 402 1962 et
420 1912 554 1962 insulano·
605 1927 627 1963 c.
646 1909 688 1962 23.
708 1911 766 1961 coh.
787 1911 926 1963 Roechh.
945 1911 1084 1962 Urlrunden

68 1998 126 2032 rum
177 1980 344 2032 circumcirca
388 1978 554 2030 habitantium
605 1979 652 2030 des
673 1977 804 2030 Attischen
822 1979 975 2031 Seewesens
994 1996 1019 2045 p.
1042 1979 1084 2032 77.

68 2048 150 2100 luisse
164 2049 366 2112 antiquissimos.
376 2046 552 2110 v-Thucyd.
635 2044 781 2098 Ἐπειδὰν
798 2042 855 2098 οὖν
873 2048 1083 2113 ἄρξωνται-4

69 2119 87 2168 l.
107 2132 130 2167 c.
150 2115 338 2170 Philochor.
358 2115 499 2180 ap.Schol.
518 2112 552 2165 ad
602 2113 625 2166 h.
659 2131 682 2169 e.
719 2121 857 2181 postquam
889 2117 982 2182 puppis
1010 2117 1083 2169 navis

70 2184 167 2250 Soph.
186 2183 329 2235 Oedscoi.
341 2199 365 2233 v.
382 2183 455 2238 1043.
474 2183 551 2234 Dor·
602 2182 698 2234 corona
726 2186 813 2236 laurea
841 2191 931 2235 ornata
962 2192 1015 2249 est,
1053 2191 1083 2236 nt

71 2253 137 2304 vill.
162 2254 187 2302 in
212 2251 319 2304 Miscell.
344 2253 421 2303 Obss.
447 2251 500 2302 Vll.
524 2267 549 2316 p.
602 2251 876 2317 Phaedoipsedocet.
899 2255 1081 2320 Deindequod

27 2363 30 2367 ,
68 2319 110 2374 44.
135 2319 278 2373 lloeclrh.
310 2320 389 2385 Corp.
420 2319 549 2384 lnscriptt.
601 2321 678 2386 vulgo
698 2321 832 2384 legebatur
848 2321 1029 2389 antapodasis,
1055 2323 1081 2374 id

67 2389 100 2442 ll.
131 2405 159 2454 p.
188 2387 248 2441 225.
279 2394 306 2439 et
336 2395 404 2454 quae
435 2388 550 2454 disputat
600 2389 660 2440 lcrri
680 2389 748 2438 nullo
767 2389 846 2440 modo
860 2397 955 2455 potest.
992 2392 1081 2444 Quum

68 2457 279 2508 Hermannus
302 2459 317 2507 l.
344 2473 359 2507 c
392 2457 412 2520 h.
431 2455 472 2510 65.
510 2457 549 2506 Ab
600 2456 668 2507 enim
698 2455 747 2505 hoc
777 2459 899 2519 verbum,
929 2459 950 2509 si
977 2461 1081 2524 quidem

68 2525 105 2574 his
126 2531 211 2576 autem
227 2526 307 2576 sacris
320 2525 548 2590 quinquennalibus
599 2526 724 2575 usitatum
744 2524 807 2587 fuit,
826 2527 895 2590 qnod
916 2527 1082 2580 vehementer

68 2593 170 2644 diversa
206 2593 309 2645 luerunt
335 2593 427 2658 Δήλια
457 2608 547 2643 annua.
599 2593 759 2657 dubitamus,
788 2594 930 2646 descendat
956 2611 971 2647 a
995 2595 1082 2646 καθά-

67 2660 105 2713 Es
124 2661 190 2712 enim
210 2663 242 2713 ab
262 2661 460 2714 Atheniensibus
478 2663 548 2712 cele·
599 2679 670 2730 ριος,
691 2663 868 2714 munditiei
893 2664 1080 2728 studiosus,

67 2731 210 2781 brabantur
232 2731 257 2780 in
280 2731 434 2782 memoriam
458 2744 549 2781 eorum
600 2731 633 2782 de
656 2746 707 2795 qua
726 2746 790 2781 roce
817 2747 840 2784 v.
862 2731 1018 2784 Valclren.
1046 2734 1081 2785 ad

68 2803 225 2864 temporum,
243 2800 338 2863 quibus
355 2801 403 2866 ipsi
420 2815 466 2865 per
478 2798 549 2850 The·
598 2799 716 2865 Xenoph.
743 2799 822 2850 Mem.
850 2800 882 2851 ll.
907 2803 935 2864 l,
958 2801 1020 2864 23„
1045 2804 1079 2853 nil

69 2881 141 2917 seum
155 2867 255 2918 liberati
274 2874 347 2920 erant
365 2886 379 2920 a
398 2867 547 2919 saevissimo
598 2868 667 2919 aliud
711 2874 799 2933 potest
849 2869 991 2932 significare
1032 2873 1079 2923 nisi

69 2935 199 2985 servitulis
230 2936 292 3002 ingo
324 2937 354 2987 iis
383 2952 399 2987 a
428 2937 548 2987 Cretibus
598 2935 765 2988 munditiei
802 2938 994 2990 studiosum
1030 2955 1081 2988 es-

69 3003 202 3068 imposito,
220 3020 272 3069 qno
290 3007 406 3056 victimas
424 3003 546 3056 humanas
599 3021 648 3067 se;
671 3004 739 3068 quod
759 3020 835 3054 nemo
856 3011 895 3055 est
915 3007 976 3069 quin
994 3006 1082 3056 videat

69 3071 204 3136 vectigalis
239 3074 318 3124 instar
352 3073 488 3139 quotannis
522 3074 547 3123 in
598 3071 698 3123 abhoc
725 3073 784 3122 loco
807 3087 915 3137 prorsus
933 3073 1080 3126 abhorrere.

71 3138 177 3189 Cretam
196 3140 296 3193 mittere
313 3141 394 3192 coacti
409 3147 494 3204 erant3
514 3141 548 3191 de
598 3142 689 3204 ltaque
713 3140 849 3190 verissime
869 3139 943 3189 codd.
962 3141 1082 3190 meliores

69 3220 121 3270 qua
154 3221 182 3258 re
207 3208 285 3260 modo
312 3211 465 3276 explicatum
497 3215 545 3262 est.
597 3203 766 3271 καθαρεύειν,
786 3206 848 3260 h.e.
867 3223 983 3272 purum
1003 3224 1081 3261 esse

67 3276 233 3339 Quamquam
256 3276 318 3328 haec
341 3293 446 3342 quoqne
473 3293 548 3330 sacra
598 3291 706 3342 neque
743 3277 930 3341 suppliciis
963 3279 1080 3343 pollui,

67 3344 246 3408 pertinuerunt
274 3347 307 3397 ad
329 3349 424 3398 cultum
448 3348 547 3412 Apolli·
599 3346 736 3409 exhibent,
756 3345 825 3409 quod
844 3345 876 3395 ah
895 3347 1081 3411 interpretibus

66 3412 105 3461 nis
140 3412 222 3476 Delii,
260 3420 337 3480 alque
367 3415 460 3465 eodem
495 3416 549 3466 lere
598 3415 785 3466 recentioribus
804 3415 923 3464 omnihus
942 3416 1080 3478 probatum

66 3485 186 3546 tempore
212 3481 329 3534 ridentur
354 3488 461 3549 peracta
479 3499 547 3545 esse,
599 3489 647 3536 est.
685 3482 793 3532 lldditnr
814 3489 903 3534 antem
928 3483 976 3546 τὴν
994 3483 1081 3547 πόλιν,

66 3548 90 3600 h,
116 3565 139 3600 e.
165 3549 208 3601 die
232 3552 357 3617 Apollinis
382 3552 477 3614 natali,
506 3551 548 3615 qui
600 3567 651 3614 quo
668 3550 795 3600 indicetur
813 3551 876 3601 hanc
894 3553 980 3616 legem
1000 3555 1081 3618 perti·

65 3617 113 3668 t'uit
140 3616 196 3669 dies
223 3627 313 3671 sextus
347 3622 387 3672 rel
423 3621 548 3685 septimus
600 3634 661 3670 nere
678 3618 712 3669 ad
729 3620 871 3670 universnm
887 3622 1082 3686 rempublicam,

65 3687 163 3746 mensis
188 3687 374 3754 Thargelionis.
407 3705 431 3739 v.
456 3688 548 3753 biog.
600 3702 649 3739 nec
674 3693 774 3738 tantum
799 3688 830 3738 ad
854 3689 969 3754 singulos
997 3691 1082 3750 cives3

13 3754 16 3759 ’
64 3755 98 3810 L.
120 3754 154 3809 11.
179 3755 225 3810 tl.
251 3756 421 3810 Plutarch·
439 3757 547 3810 Quaest.
601 3761 698 3813 utnon
717 3761 881 3821 exputemus‚
900 3773 946 3809 cur
965 3760 1082 3811 Astius

65 3824 157 3891 Symp.
180 3825 246 3879 Vlll.
272 3825 294 3879 l.
313 3825 344 3878 2.
367 3826 426 3878 coll.
445 3826 486 3891 Sp
498 3842 547 3877 nn·
568 3852 571 3857 ·
599 3827 648 3878 hoc
665 3824 867 3876 additamentum
883 3825 907 3875 in
925 3825 1023 3878 fraudis
1037 3839 1081 3875 sn-

65 3892 144 3947 henr.
164 3893 234 3946 adh.
248 3893 341 3945 iubel.
356 3909 380 3942 v.
395 3891 453 3946 251.
474 3894 548 3944 Plu·
600 3893 740 3962 spicionem
771 3895 910 3947 vocaverit.
957 3895 1081 3946 Geternrn

63 3961 173 4016 tarch.
205 3963 255 4014 Vit.
285 3962 377 4015 Niciae
404 3977 428 4013 c.
457 3962 481 4016 3.
505 3963 549 4014 ubi
600 3981 623 4018 r.
643 3962 742 4014 Criton.
761 3977 784 4026 p.
804 3960 845 4015 43.
866 3962 895 4014 C.

62 4045 163 4096 pompa
186 4026 311 4082 solemnis
334 4030 429 4083 usitata
452 4031 549 4083 descri-
635 4028 719 4082 tzar
747 4055 780 4066 -
810 4029 929 4095 ἄνεμοι
967 4025 1082 4094 dash}
1188 4037 1194 4051 ¹

62 4100 147 4161 bitom
166 4097 309 4152 Boeclrh.
329 4100 428 4152 Oecon.
449 4104 501 4155 nu.
516 4099 549 4153 T.
601 4099 680 4155 Quod
701 4099 778 4164 vulgo
800 4099 826 4148 oi
843 4097 935 4166 ἄνεμοι
955 4093 1080 4161 scriptum
