2604 4620
173 188 195 235 1.
540 184 806 233 Pnounoosmns

174 341 303 426 qualem
329 338 422 403 linxit
449 337 697 424 Aristophanes,
729 335 877 403 eoelestia
907 357 945 401 ae
976 334 1188 413 subterranea

174 426 261 491 inani
283 446 380 511 opera
400 420 622 510 perscrutanti,
644 422 679 486 in
693 420 864 507 Symposio
884 420 1060 507 opponitur
1081 420 1186 509 philo-

174 509 307 596 sophus,
329 508 385 594 qui
406 508 539 595 primus,
562 520 598 571 ut
619 507 665 572 ait
680 504 802 585 Cioero,
825 505 1060 591 philosophiam
1162 508 1187 573 't

173 594 301 659 devita
322 608 354 658 et
374 592 525 672 moribus,
547 591 642 657 rebus
663 591 755 656 bonis
776 603 808 656 et
827 591 929 668 malis,
951 612 1113 675 quaerere
1154 616 1186 669 oe
1217 598 1220 607 “

173 690 379 763 vocatamque
406 680 533 743 eooelo
559 677 593 741 in
618 676 751 742 urbibus
773 675 937 743 collocavit
963 686 995 740 et
1015 676 1051 740 in
1074 677 1187 743 domos

174 765 267 829 etism
293 760 478 828 introduxit.
521 760 671 827 Ceterum
699 760 923 847 Aristophanis
951 758 1065 827 fabula
1092 762 1186 829 etiam

173 848 278 913 verbis
307 848 434 913 disertis
462 857 654 912 memoratur
672 869 705 932 p.
725 849 797 911 221.
818 845 860 909 A.
879 844 930 922 Β.,
955 844 1013 909 ubi
1036 843 1187 913 Socrates

175 933 291 998 dieitur
318 933 352 995 in
379 933 459 1017 fuga
483 943 558 1017 post
583 954 725 1018 pugnam
752 931 794 994 ad
821 929 952 994 Delium
980 931 1187 997 sommissam

174 1018 284 1100 utique
307 1017 480 1099 superbum
493 1016 582 1079 illum
597 1028 691 1099 atque
706 1036 837 1100 gravem
852 1036 996 1080 servasse
1010 1014 1185 1096 incessum,

173 1101 228 1201 qui
255 1110 406 1185 tangatur
434 1097 467 1161 in
493 1097 651 1164 Nubibus.
686 1098 859 1164 Enimvero
880 1098 1052 1165 Alcibiade
1081 1102 1185 1167 indies

173 1206 318 1250 incessus
339 1180 392 1247 ille
415 1183 633 1268 spectantibus
654 1206 717 1249 non
732 1185 820 1249 visus
835 1198 884 1248 est
897 1183 1107 1265 deridiculus,
1132 1186 1185 1253 sod

174 1268 353 1335 certissimo
375 1279 561 1353 argumento
583 1267 646 1331 fuit
666 1267 698 1330 in
726 1269 798 1333 talis
820 1269 879 1334 viri
900 1270 1005 1334 animo
1028 1292 1185 1337 summam

175 1354 318 1419 habitare
333 1352 560 1430 fortitudinem,
573 1351 762 1440 gravitatem
777 1365 871 1439 atque
881 1355 1185 1423 constantiamDe·

176 1439 273 1523 nique
296 1460 336 1502 ex
357 1435 535 1501 Alcibiadis
557 1436 699 1503 oratione
723 1437 817 1502 stiam
837 1438 915 1503 illud
937 1458 1137 1526 oognosoero
1157 1452 1186 1507 ot

176 1522 355 1611 intelligere
375 1521 460 1600 licet,
483 1521 538 1606 qui
560 1522 688 1587 tandem
709 1522 778 1587 lieri
798 1523 948 1609 potuerit,
970 1535 1007 1589 ut
1025 1525 1100 1591 talis
1114 1536 1186 1591 tan-

178 1622 293 1691 tuoque
315 1607 365 1671 vir
379 1607 553 1672 calumniae
566 1607 649 1672 latus
664 1606 838 1694 praeberet.
859 1606 931 1672 Non
951 1608 1089 1675 obscure
1103 1610 1185 1675 enim

176 1693 229 1757 ille
250 1692 389 1759 ostendit
409 1690 560 1757 habuisse
585 1693 729 1778 profesto
752 1688 892 1757 Soorstis
913 1714 1041 1759 omnem
1056 1696 1184 1763 vivendi

176 1777 367 1861 dicendique
388 1777 543 1841 rationem
563 1778 678 1841 mirum
698 1776 851 1862 quiddam
872 1786 903 1841 et
922 1778 1071 1859 insolens,
1099 1780 1184 1864 quod

179 1862 247 1928 fieri
269 1884 333 1927 non
354 1861 456 1949 possit
477 1864 554 1946 quin
571 1861 744 1928 absurdum
758 1872 789 1927 et
801 1860 943 1961 ineptum
957 1862 1100 1929 videatur
1112 1864 1180 1929 oui-

200 1968 241 2012 ue
254 1947 374 2012 homini
388 1947 513 2046 vulgari
528 1957 559 2011 et
580 1946 813 2033 aphilosophia
827 1947 938 2012 aheno.
961 1948 1064 2033 Atque
1083 1947 1176 2013 talem

177 1970 272 2097 iloto
286 2031 412 2096 videtur
422 2044 517 2095 etram
531 2032 778 2117 Aristophanem
791 2031 891 2097 videri
906 2031 1053 2111 voluisse,
1069 2048 1175 2117 quam·

178 2138 275 2200 quam
298 2116 434 2179 eundem
455 2115 561 2201 paullo
582 2128 655 2180 ante
673 2117 848 2181 nominavit
866 2116 948 2181 inter
962 2128 1115 2182 amatores
1128 2136 1177 2181 aa·

182 2200 330 2287 pientiae.
354 2198 483 2286 Quippe
505 2200 593 2265 istud
615 2201 741 2287 quidem
763 2222 827 2266 non
848 2202 922 2266 feeit
937 2203 1107 2281 exanimo,
1127 2201 1182 2267 sed

179 2284 299 2350 ironice
321 2285 371 2350 vel
391 2285 629 2351 benevolentiae
650 2282 827 2372 captandae
849 2308 971 2352 caussa.
996 2285 1092 2353 Certe
1113 2286 1183 2373 qui·

179 2368 252 2434 dem
272 2370 360 2435 nulla
381 2393 515 2455 nsquam
537 2371 678 2436 sincerae
699 2393 777 2460 erga
798 2394 870 2437 enm
883 2370 1123 2438 benevolentiae
1135 2372 1183 2437 iu·

179 2455 264 2521 dicia
286 2467 317 2519 et
338 2467 526 2542 argumenta
545 2457 794 2543 reperiuntur*).

222 2540 331 2623 Atque
352 2541 431 2604 haeo
451 2541 578 2624 quidem
598 2542 704 2606 omnia
726 2543 752 2607 si
774 2564 847 2606 vere
868 2552 923 2606 aut
944 2543 1054 2607 saltem
1069 2540 1184 2629 proba-

179 2622 285 2687 biliter
307 2624 469 2708 disputata
498 2638 581 2702 sunt,
610 2639 696 2690 oerte
723 2650 787 2691 non
815 2626 952 2712 amplius
974 2627 1106 2693 dubium
1127 2627 1187 2693 erit

180 2717 235 2771 aut
256 2719 501 2787 controversum,
524 2730 693 2794 quamnam
713 2734 881 2796 personam
901 2711 1134 2798 Aristophanes
1154 2712 1192 2777 iu

181 2789 354 2879 Symposio
380 2792 545 2859 Platonico
574 2795 737 2860 sustineat.
779 2793 907 2860 Etenim
934 2797 1001 2885 agit
1031 2797 1084 2863 ille
1111 2818 1186 2885 sane

205 2888 289 2943 artes
310 2891 423 2965 poetae
438 2880 550 2945 comici
566 2882 681 2966 arguti,
704 2881 820 2959 festivi,
841 2882 1028 2966 eloquentis,
1051 2883 1185 2947 venusti.

180 2902 248 3030 bed
270 2975 394 3031 tanturn
414 2964 515 3045 abest,
538 2976 573 3029 ut
594 2967 623 3031 ei
644 2964 773 3032 interior
793 2967 949 3051 quaedam
963 2966 1186 3034 tribuatur-sa·

181 3049 313 3136 pientia,
340 3051 423 3116 siout
444 3051 545 3116 doctis
568 3049 758 3135 quibusdam
779 3051 856 3116 viris
878 3075 979 3138 nuper
1000 3052 1106 3118 visum
1127 3063 1186 3127 est,

181 3136 300 3200 utalia
322 3137 426 3200 omnia
447 3159 523 3202 vera
544 3137 720 3202 videantur.
757 3135 841 3201 Nam
866 3137 941 3203 lieet
962 3158 1131 3223 puerorum
1150 3147 1184 3197 et

181 3219 428 3284 adolescentium
456 3242 593 3286 amorem
618 3222 784 3287 honesturn
810 3232 932 3286 tantum
960 3233 1054 3307 atque
1072 3216 1182 3284 lauda·

183 3299 280 3365 bilem
301 3305 425 3388 probet,
449 3306 542 3371 sieuti
557 3307 653 3371 ceteri
667 3307 761 3371 etiam
774 3319 913 3372 oratores
928 3307 1056 3381 faciunt,
1077 3314 1184 3366 tamen

183 3382 224 3446 de
245 3386 394 3452 universo
416 3391 533 3454 amoris
555 3412 672 3475 genere
694 3392 848 3457 sententia
869 3392 936 3457 eius
954 3388 1120 3456 admodum
1133 3399 1187 3450 est

182 3465 305 3532 lubrica
326 3481 359 3535 et
380 3473 529 3561 ambigua
549 3496 651 3558 neque
672 3476 739 3543 fore
760 3478 843 3541 ultra
856 3476 1018 3563 physioam
1030 3471 1186 3538 rationem

225 3639 240 3646 -
251 3639 270 3644 --
282 3638 383 3647 ...ᾳ-..-

216 3720 244 3788 *l
269 3728 418 3778 Tenendum
441 3733 544 3782 omniuo
567 3741 606 3784 est
630 3748 676 3783 neo
696 3736 829 3788 Platonem
855 3736 880 3784 in
902 3738 1022 3801 operibus
1042 3735 1095 3786 suis
1115 3734 1188 3799 quid-

269 3808 344 3861 quam
361 3798 498 3871 prodidisse
517 3802 547 3850 de
564 3802 735 3867 Aristophane
750 3820 798 3855 neo
813 3803 1014 3869 Aristophanem
1031 3807 1062 3855 de
1072 3803 1188 3861 Platone,

268 3866 335 3915 unde
352 3866 383 3915 de
400 3881 488 3917 eorum
504 3871 686 3921 necessitudine
702 3872 798 3937 aliquid
815 3871 900 3934 oolligi
918 3874 1001 3933 liceat,
1023 3881 1052 3924 nt
1072 3874 1137 3924 altor
1152 3871 1188 3921 sl·

268 3938 347 3984 terum
365 3941 430 3985 certe
446 3951 498 3985 nou
515 3946 544 3986 ut
561 3938 670 3988 amioum
692 3940 809 3990 dilexisse
829 3940 950 3992 videatur.
979 3942 1046 3993 Nam
1064 3941 1188 3992 'l'besmo-

259 4001 432 4085 plron'arusae
449 4004 513 4054 nihil
529 4007 562 4056 ad
578 4005 718 4058 Platonem.
1151 4038 1154 4045 ·
