2604 4620
434 243 641 304 rrmnuo.
666 265 694 323 p.
720 245 790 310 ιιο,
815 247 860 310 st.

1044 223 1073 245 ''
1096 253 1159 312 ιιι

134 416 183 491 Ὦ
208 419 409 508 Σώκρατες,
446 424 525 508 ἔφη,
559 414 598 480 οὐ
632 413 889 503 καταγνόσομαί
924 445 958 503 γε
992 424 1053 488 σοῦ
1078 419 1159 508 ὅπερ
1175 405 1215 499 ‘c

145 527 214 591 τῶν
240 517 349 588 ἀλλων
378 512 648 602 καταγιγνώσκω,
685 513 746 583 ὅτι.
761 544 819 603 μοι
842 523 1079 646 χαλεπαίνονσι
1106 527 1162 590 καὶ

147 624 428 711 καταρῶνται-ἑ,
415 612 549 685 ἑπειὸἀν
583 613 699 692 αὐτοῖς
733 643 882 705 παραγγε
849 622 947 700 γε’λλω
984 626 1090 687 πίνειν
1122 621 1162 690 τό

123 723 330 815 φάρμακον
357 714 617 800 ἀναγκαζόντων
645 719 709 781 τῶν
744 715 941 803 ἀρχόντων,
977 719 1069 786 σὲὸ
1100 720 1160 806 ὲγά

147 827 203 890 καὶ
229 817 338 897 ἄλλως
362 823 522 903 ἕγνωκαέ
528 841 544 882 ν
570 812 679 898 τούτῳ
715 819 761 900 τῷ
785 817 895 905 χρόνῳ
922 818 1163 902 γενναιότατον

148 926 204 989 καὶ
227 918 429 1005 πραότατον
454 919 510 983 καὶ
535 911 676 1000 ἀρισιον
702 911 853 1001 ἀνδρα”
839 944 920 984 οντα
945 923 1009 984 τῶν
1029 921 1161 1039 χιώποτε
1219 967 1221 972 -

149 1025 248 1109 δεῦρο
276 1019 502 1110 ἀφικομένων,
537 1019 591 1081 καὶ
627 1012 667 1095 δὴ
693 1020 747 1082 καὶ
776 1021 836 1083 νῦν
863 1043 898 1084 εν
927 1016 991 1085 οιὸ’
1019 1016 1073 1086 ὅτι
1099 1018 1161 1088 οὐκ

150 1123 226 1206 ἐμοὶ
246 1123 480 1234 χαλεπανεῖς,
494 1143 514 1200 γ
516 1111 716 1215 ιχνιόσκειςγ
705 1112 769 1203 γάρ
796 1143 875 1194 τονς
901 1122 1046 1198 αὶτιόνς,
1082 1118 1166 1186 ἀλλ
1245 1157 1248 1163 .

150 1225 296 1297 ἐκείνοις.
347 1221 408 1284 νῦν
444 1206 520 1294 οὖν,
556 1213 709 1298 eirea)
698 1211 762 1304 γάρ
799 1214 820 1282 ἀ
851 1208 1005 1297 ιγλθον’
987 1247 1051 1303 αγγ
1053 1223 1162 1298 έλλων,

148 1327 244 1408 χαῖρε
270 1344 304 1384 τε
330 1322 385 1384 καὶ
413 1319 512 1403 πειρῶ
539 1312 581 1391 ὡς
615 1312 724 1403 ῥάστα
761 1325 871 1405 ιχέρειν
904 1314 944 1382 τά
982 1317 1162 1403 ἀναγκαῖα.
1197 1337 1220 1395 1)
1282 1372 1286 1377 .

150 1408 221 1487 Κλιὶ
254 1415 327 1504 ἅμα
360 1415 526 1502 δακρύσας
559 1416 865 1506 μεταστρεφόμενος
889 1415 997 1509 ἀπῄει.
1047 1421 1118 1485 Καὶ
1145 1415 1163 1485 ὁ

121 1528 125 1533 ’
156 1516 341 1608 Σωκράτης
379 1516 577 1607 ἀναβλέψας
613 1510 696 1601 πρὸς
730 1512 855 1598 αὐτόν,
896 1510 972 1583 Καλ
1000 1517 1058 1598 ou,
1091 1522 1166 1610 ἔφη,

149 1631 263 1706 χαῖρε,
296 1621 351 1684 καὶ
386 1614 479 1700 ἡμεῖς
511 1619 618 1681 ταῦτα
645 1612 836 1701 ποιήσομεν.
888 1618 957 1682 Καὶ
984 1614 1054 1702 ἀμα
1083 1615 1167 1706 πρὸς
1229 1660 1232 1665 ·

152 1717 257 1805 ἡμᾶς,
287 1715 346 1795 Ὡς
377 1715 526 1794 ἀστεῖος,
562 1718 643 1806 ἕιμιγ,
683 1710 701 1779 ὁ
736 1711 940 1801 ἄνθρωπος·
984 1720 1038 1784 καὶ
1072 1714 1165 1806 παρὰ
1223 1798 1232 1819 .

152 1817 265 1887 πάντα
288 1845 346 1903 μοι
372 1813 430 1884 τὸν
460 1814 585 1904 χρόνον
620 1811 753 1907 προςχλει
783 1819 836 1880 καὶ
871 1818 1029 1899 διελέγετο
1063 1821 1166 1884 ἐνίοτε

154 2095 239 2133 vero.
276 2079 360 2131 Recte
379 2079 454 2130 Bodl.
474 2079 544 2132 Tub.
570 2079 633 2130 Ven.
653 2080 675 2131 Ξ
682 2079 716 2129 Π.
743 2080 783 2130 alii
809 2080 881 2129 mutu
908 2095 1031 2144 praesens
1055 2084 1166 2131 tuentur.

155 2150 215 2201 vm.
235 2149 296 2200 Per.
316 2149 349 2198 G.
369 2148 536 2216 παραγγέλω,
558 2147 668 2198 formam
687 2150 833 2208 sumerum,
853 2147 956 2199 habeut.

142 2258 152 2265 .,
223 2215 298 2282 ἐμοὶ
325 2217 549 2282 χαλεπανεῖς]
587 2217 618 2283 V.
643 2216 813 2280 χαλεπαίνεις,
850 2217 1005 2268 Mutavimue
1029 2222 1170 2283 praeeunte

156 2285 279 2337 Bekkero
298 2301 313 2335 e
331 2285 409 2338 Coisi.
429 2294 455 2336 et
476 2285 534 2334 Par.
554 2286 586 2338 G.

224 2356 255 2401 ἐν
272 2350 378 2417 τούτῳ
398 2359 438 2420 τῷ
456 2350 581 2420 χρόνῳ]
612 2353 681 2405 vett.
701 2351 775 2403 editt.
793 2358 829 2418 τῷ
847 2355 985 2415 omittunt,
1004 2352 1073 2416 quod
1092 2352 1169 2402 resti·

158 2421 280 2474 tuendum
300 2421 350 2470 inm
370 2421 459 2487 Stepir.
478 2420 549 2470 vidit.
587 2421 767 2470 Praebuerunt
786 2420 889 2471 codices
908 2422 999 2486 optimi
1017 2428 1094 2485 atque
1112 2423 1168 2485 piu·

157 2489 235 2541 rimi..
258 2489 323 2539 Mox
345 2489 423 2557 δεῦρο
447 2488 591 2555 ἀφιγμένων
615 2489 696 2541 Coisi.
724 2488 1059 2541 Vat.vin‹t.u.1³ar.G
1078 2488 1168 2540 Ambr
1195 2515 1211 2527 κ

158 2557 229 2609 Flor.
249 2557 272 2606 ιλ.
291 2563 362 2607 reete
380 2557 499 2608 fortusse.

226 2646 241 2672 α
237 2617 370 2688 ’ἷ-ιλθον
388 2624 568 2692 ἀγγελλων]
589 2624 670 2677 Editt
693 2632 757 2676 vett.
776 2630 802 2675 et
814 2625 925 2680 Bekker
945 2623 1064 2691 ἀγγελῶν.
1081 2624 1166 2676 Recte

116 2733 127 2747 .
158 2690 284 2759 ἀγγέλλων
301 2699 406 2746 tuentur
425 2694 501 2746 ΒοιλΙ.
520 2694 583 2745 Ven.
604 2693 666 2744 5.ss
687 2695 760 2745 Vind.
784 2698 846 2745 ΥΦ.
865 2695 927 2745 Ροι.
945 2695 974 2744 C.
995 2695 1083 2746 Ambr.
1102 2693 1171 2746 Fior.

159 2777 181 2815 u
200 2763 225 2814 λι.
245 2777 267 2814 c.
288 2778 323 2815 ιιι.
342 2763 452 2828 Zittav„
470 2763 502 2813 ud
521 2779 588 2827 quoe
606 2762 808 2814 acceduutVen.
827 2764 862 2815 A
884 2764 943 2814 Pur.
962 2762 1047 2816 HlL.
1067 2763 1109 2826 qui
1126 2762 1171 2813 ha-

159 2936 263 2991 ναῖιιας,
289 2945 339 2978 non
364 2928 408 2982 τὰς
435 2930 527 2984 οἰκείας
552 2935 661 2993 γοντα--

158 3016 213 3053 κως.
270 2997 365 3045 lisdem
405 2995 460 3044 sere
501 2998 641 3046 rationibus

159 3061 456 3115 Hemsterlrusii
488 3065 641 3113 sententium

160 3132 250 3194 impug
234 3129 320 3177 ornavit
337 3127 510 3181 Heindorf.
530 3130 562 3178 ad
583 3130 632 3179 Ιι.Ι

195 3199 225 3247 C
262 3194 297 3245 οό
322 3193 584 3263 καταγνῴσομαί
607 3215 641 3260 γε

162 3264 239 3329 σοῦ]
273 3264 343 3314 Noe:
369 3277 433 3312 von
456 3255 511 3313 dir
533 3264 642 3316 werde

161 3335 211 3387 ich
231 3331 320 3383 nieht
339 3331 475 3383 denken.
502 3331 708 3397 Eutlryphrm

145 3422 188 3471 .p
208 3402 233 3454 2.
255 3401 286 3450 Β
312 3419 342 3448 ον
365 3398 414 3482 γὰρ
439 3398 520 3448 ἐκεῖνό
546 3404 577 3488 χλ
596 3418 643 3450 σου

164 3487 259 3590 'samri'
260 3468 397 3601 ίιλσῦχξαλῦ
400 3465 643 3602 tvssxfililbykdffiffiov.

459 3552 480 3585 cr
501 3554 523 3585 ra

166 3554 285 3692 λλλῃζλῦ
299 3602 496 3656 Demosth.⁸
489 3621 514 3654 ιιι
538 3603 642 3657 Mimo.

164 3675 189 3728 2,
213 3672 243 3722 ον’
268 3673 317 3740 γὰρ
342 3673 374 3722 ἀν
397 3674 551 3737 καταγνοίην
573 3669 646 3740 ὑμῶν

165 3737 279 3799 ουδενός.

189 3814 260 3929 1’τῶν
289 3804 479 3876 ἀρχόντων]
515 3809 563 3859 lm.
597 3812 647 3857 τῶν

147 3878 536 4008 ,ενιλκλῖλθονᾶγγέλλωνλ
573 3958 646 4006 qna-

166 4015 211 4067 iin
229 4010 390 4063 nuntians
408 4012 564 4064 venerim.
596 4011 658 4062 Hie.

168 4096 256 4145 nemo,
276 4079 376 4146 opinor,
396 4077 507 4144 ἀγγελῶν
527 4080 647 4143 requiret.

692 2933 731 2980 De
744 2932 888 2994 praesentis
900 2947 948 2981 usu
966 2946 989 2978 v.
1011 2929 1032 2977 λλ
1042 2927 1176 2979 eruitur-

692 2998 728 3060 dy
755 2999 828 3060 Synt.
855 3015 876 3060 p¹
903 2998 962 3052 370.
994 2996 1173 3046 Hermann.

692 3071 718 3114 et
747 3063 897 3114 Elmsiei.
926 3065 958 3113 αιλ
985 3063 1073 3127 Eurip.
1102 3061 1172 3113 Med.

635 3166 648 3183 .·
693 3129 767 3184 1024.
782 3131 996 3181 Bornemnun.
1013 3128 1174 3194 udXeuoplr.

692 3199 773 3251 Auab.
794 3198 893 3261 Vtut,
916 3199 956 3250 17

727 3267 756 3314 λ)
794 3266 846 3314 καὶ
870 3266 953 3334 παρὰ
982 3262 1087 3315 πάντα
1117 3281 1176 3328 μοι
1258 3264 1262 3271 ’

717 3335 752 3382 ὸν
776 3332 916 3401 χρόνον]
952 3334 1027 3385 Solet
1049 3333 1173 3400 λιπαρὰ

694 3402 727 3452 de
745 3409 878 3467 tempore,
897 3402 966 3466 quod
984 3403 1062 3467 vulgo
1081 3417 1176 3468 prae-

695 3485 771 3521 sens
789 3477 833 3520 aut
852 3471 974 3522 durans
993 3471 1095 3532 dicunt
1118 3487 1176 3521 rae-

694 3540 932 3605 pissimeusurperi
943 3538 1088 3606 Xenoplr.
1096 3541 1176 3590 Mem.

694 3608 726 3658 λλ.
747 3607 775 3669 1,
794 3607 818 3659 2.
844 3627 894 3673 nn(
890 3628 913 3656 α
936 3607 984 3671 τὴν
1010 3605 1143 3657 inrt’rov
1129 3625 1177 3670 αρ-

694 3693 759 3738 χχι,
796 3677 852 3725 sub
875 3627 977 3726 iiiios
1008 3676 1176 3740 imperio,

697 3745 757 3794 ilio
782 3744 978 3810 imperante.
1014 3743 1112 3793 Sensus
1136 3739 1178 3791 hic

699 3816 752 3861 ert:
776 3827 833 3876 per
855 3818 947 3863 totos
975 3810 1035 3861 hor
1060 3808 1177 3872 trigin-

698 3885 727 3928 ta
751 3878 838 3944 dies,
872 3895 957 3943 quos
982 3880 1016 3927 in
1042 3888 1178 3926 earcere

699 3949 899 4013 transegi,
931 3961 1000 3998 me
1007 3943 1180 3995 invisebat

698 4014 931 4079 interdumque
957 4026 1084 4066 meeum
1106 4024 1180 4067 eou-

699 4081 924 4134 febuinbutur.
1143 4096 1149 4107 ’
