2604 4620
498 215 547 294 n'o
570 245 787 295 srnrosrun.
879 227 881 230 ’
1045 249 1147 297 uxvu

135 423 234 486 quam
252 401 355 467 levem
375 411 409 464 et
429 401 590 486 exiguam,
613 409 718 464 tamen
737 420 797 467 nec
811 420 918 467 rerum
932 401 1076 464 notiones
1089 422 1148 465 ex-

137 487 239 572 quirit
260 485 417 565 subtilius,
439 508 499 552 nec
508 532 509 535 κ
519 484 683 549 absolutae
696 483 841 549 veritatis
854 483 1070 572 cognitionem
1082 486 1149 553 ullo

137 571 234 638 modo
259 571 449 655 assequitur,
479 569 599 655 quippe
624 568 758 634 haerens
784 591 886 653 usque
903 593 951 634 vac
970 567 1149 635 subsistens

137 656 374 745 invulgatum
393 655 638 739 opinionumet
663 676 769 719 rerum
789 655 832 719 ad
853 654 938 720 vitae
958 676 1052 719 usum
1072 677 1147 741 per·
1235 663 1238 668 '

138 741 307 807 tinentium
321 741 374 806 vel
384 738 657 805 animadversione
668 739 720 804 vel
730 739 1003 813 commentatione
1025 737 1149 819 Quem-

138 826 311 892 admodum
334 824 419 889 enim
431 824 465 888 in
477 818 626 891 Phaedro
646 823 748 888 oratio
762 822 883 907 Lysiae
905 834 937 890 et
949 824 1037 909 prior
1050 823 1152 889 oratio

138 906 315 984 Socratica,
343 930 426 992 quae
452 907 494 973 ad
513 908 600 973 illius
620 905 860 975 similitudinem
888 917 1069 992 comparata
1089 919 1150 986 est,

138 994 314 1094 opponitur
335 993 426 1058 alteri
448 993 585 1058 orationi
601 990 755 1072 Socratis,
779 1015 861 1077 quae
905 993 1014 1058 erfecti
1034 991 1152 1058 amoris

138 1103 206 1164 vnn
231 1079 335 1165 aperit
361 1083 399 1144 ec
424 1077 574 1157 declarat,
601 1077 745 1162 adeoque
773 1089 865 1163 parte
881 1015 959 1143 ibri
979 1078 1080 1143 altera
1099 1078 1151 1143 in·

140 1164 284 1230 stituitur
316 1162 509 1250 comparatio
539 1163 622 1231 inter
652 1162 851 1228 dialecticam
882 1173 914 1227 et
946 1162 1150 1242 rhetoricam,
1215 1163 1218 1182 ¹

139 1248 225 1314 unde
236 1248 454 1333 quantumilla
467 1245 733 1325 huic-antecellat,
753 1257 923 1334 appareat,
944 1249 990 1312 ita
1003 1248 1036 1311 in
1053 1245 1151 1332 Syra

138 1333 230 1420 posio
244 1332 402 1399 orationes
412 1331 535 1432 priores
549 1332 784 1415 quodammodo
795 1332 971 1398 contrariae
983 1343 1058 1398 sunt
1077 1355 1151 1397 ora·

139 1416 279 1483 tionibus
300 1414 443 1483 Socratis
469 1428 502 1481 et
522 1416 711 1494 Alcibiadis,
739 1438 874 1501 quarum
902 1417 1002 1482 altera
1022 1415 1154 1483 exhibet

139 1503 255 1568 amoris
284 1502 421 1589 perfecti
445 1501 627 1587 perfectam
658 1501 846 1600 imaginem,
886 1503 984 1568 altera
1015 1502 1152 1579 eandem

140 1595 278 1653 ostentat
303 1587 338 1649 in
360 1584 493 1651 Socrate
514 1595 676 1670 tamquam
702 1608 777 1650 vivo
798 1608 1043 1673 expressamac
1064 1587 1154 1652 velut

140 1672 345 1737 relucentem.
390 1668 521 1755 Quippe
549 1669 624 1734 illae
651 1668 810 1735 orationes
836 1693 946 1737 omues
973 1672 1007 1734 in
1035 1671 1169 1747 amoris¹

142 1765 274 1822 externa
296 1753 404 1841 specie
429 1754 576 1819 rimanda
600 1764 778 1833 versantur,
807 1755 953 1842 neglecta
980 1754 1154 1819 subtilitate

142 1840 322 1915 dialectica3
344 1838 446 1922 divini
466 1838 583 1904 amoris
604 1838 669 1904 vim
686 1847 905 1923 naturamque,
926 1861 1023 1924 quam
1036 1836 1154 1904 Socra-

143 1925 185 1991 tis
193 1924 295 1991 oratio
309 1922 450 2002 exhibet,
470 1921 717 2008 haudquaquam
726 1925 952 2024 assequuntur.
973 1922 1064 1988 Idem
1078 1945 1155 1991 vero

142 2009 238 2094 etiam
262 2009 298 2073 in
317 2007 465 2074 Phaedro
486 2008 556 2074 fieri
577 2007 788 2086 meminimus,
816 2031 851 2073 1n
899 2031 941 2075 uo
967 2007 1049 2074 libro
1069 2030 1155 2092 quae

141 2095 283 2180 priorem
304 2103 415 2160 tenent
434 2094 551 2172 locum,
572 2093 613 2158 iis
632 2102 718 2159 certe
731 2093 809 2159 item
822 2030 1012 2173 declaratur,
1034 2104 1155 2178 quanto

143 2178 276 2245 inferior
290 2179 332 2244 sit
352 2177 525 2267 sophistice
545 2189 579 2244 et
592 2177 749 2244 rhetorice
763 2188 831 2244 arte
845 2178 1013 2250 dialectica
1026 2178 1154 2244 nomine
1250 2208 1252 2212 ⁴

143 2286 202 2329 suo
223 2262 332 2364 digna.
356 2262 560 2348 Quamquam
578 2263 614 2328 in
626 2263 774 2329 Phaedro
790 2263 969 2330 rhetorices
981 2263 1154 2349 reprehen-

144 2349 191 2415 sio
212 2370 316 2414 acnor
336 2359 391 2415 est,
406 2358 442 2414 et·
458 2349 597 2436 apertior
610 2349 843 2433 maximamque
855 2370 958 2435 paene
973 2349 1071 2414 totius
1086 2371 1155 2413 ser-

143 2433 248 2500 monis
267 2444 392 2521 partem
413 2432 476 2499 sibi
496 2433 654 2513 vindicat,
676 2434 710 2498 in
723 2430 898 2521 Symposio
919 2444 1030 2499 contra
1044 2432 1156 2527 teotipr

143 2529 193 2584 est
219 2530 316 2603 atque
342 2518 453 2597 lenior,
482 2528 519 2584 ut
547 2517 683 2584 subinde
709 2519 851 2584 urbanae
878 2518 1084 2584 cavillationis
1108 2518 1155 2583 le-

143 2626 255 2690 porem
275 2604 331 2670 vix
352 2604 481 2670 sentias.
502 2602 662 2668 Nimirum
684 2626 799 2668 caussa
815 2601 915 2669 ‘huius
935 2604 984 2669 rei
1004 2603 1157 2689 positain

145 2711 183 2756 co
205 2699 265 2768 est,
288 2689 375 2774 quod
394 2689 429 2754 in
442 2687 590 2754 Phaedro
605 2688 771 2754 dialectica
807 2689 906 2754 ariter
919 2699 1015 2773 atque
1029 2687 1156 2765 divinae

144 2773 320 2860 sapientiae
347 2796 436 2838 amor
457 2783 621 2858 tamquam
641 2712 861 2859 philosophiae
877 2772 1041 2860 „principia
1060 2773 1095 2836 in
1115 2772 1155 2839 il·

145 2858 294 2925 lustriore
320 2858 392 2924 luce
420 2858 622 2936 collocantur,
649 2858 696 2922 ita
720 2859 860 2941 quidem,
888 2869 925 2922 ut
952 2858 1042 2922 alteri
1068 2878 1158 2920 amor

146 2941 300 3088 vulgaris,
329 2941 422 3007 alteri
441 2942 584 3035 vulgaris
605 2942 766 3006 rhetorica
787 2964 827 3006 ex
847 2941 983 3007 adverso
1009 2951 1157 3026 ponatur,

147 3049 182 3089 m

148 3108 333 3174 dialecticae
354 3119 387 3174 et
409 3131 443 3174 so
467 3108 611 3174 histieae-⁴
622 3110 721 3174 veluti
741 3110 844 3174 obiter
864 3119 988 3174 tantum
1001 3109 1082 3174 ratio
1096 3109 1157 3173 du-

147 3194 240 3260 citur.
274 3189 342 3260 Sed
368 3194 410 3259 de
461 3194 580 3260 haedro
602 3215 660 3258 suo
687 3197 838 3279 tempore'
857 3193 988 3260 uberius
1015 3193 1157 3296 explica·
1257 3250 1262 3265 .

146 3279 253 3346 bimus
273 3278 308 3343 in
328 3277 569 3367 Prolegomenis
590 3277 681 3344 altori
700 3277 775 3343 libri
796 3278 926 3370 editiqni
951 3288 1158 3366 praemitten-

147 3365 208 3443 dis,
231 3364 348 3448 quibus
369 3365 499 3431 demum
513 3363 672 3450 evulgatis
690 3363 899 3451 perspicuum
916 3364 982 3443 liet,
1004 3387 1159 3449 quorsum
1174 3404 1176 3406 -

230 3026 375 3110 ymposio
402 3034 509 3090 autem
534 3048 617 3090 unus
644 3026 783 3090 maxime
810 3048 899 3090 amor
924 3026 1106 3089 illustratur·
1120 3044 1159 3090 ac
1249 3036 1257 3041 ’

147 3449 227 3515 haec
253 3459 366 3515 nostra
393 3450 549 3516 sententia
576 3449 746 3516 referenda
773 3450 824 3524 sit.
866 3448 1024 3525 Videmur
1052 3460 1160 3516 autem
1245 3459 1248 3464 '

147 3536 200 3600 vel
212 3535 262 3600 his
278 3535 356 3601 satis
369 3535 573 3623 patefecisse,
587 3545 709 3620 quanta
720 3534 805 3601 inter
817 3534 1000 3600 Phaedrum
1013 3546 1046 3600 et
1060 3533 1158 3621 Syrn-

148 3621 274 3706 posium
299 3621 478 3688 intercedat
503 3618 684 3687 coniunctio
703 3629 739 3686 et
759 3621 973 3687 necessitudo.
1008 3621 1159 3694 Alterum

149 3704 235 3769 euim
254 3728 335 3791 opus
356 3707 456 3772 altero
477 3706 575 3772 veluti
596 3716 833 3772 consummatur
854 3717 951 3792 atque
971 3705 1157 3779 absolvitur,

150 3797 188 3852 ut
214 3789 306 3855 ambo
332 3813 435 3876 paene
460 3814 561 3857 unum
588 3813 704 3878 corpus
725 3791 880 3857 conficere
903 3789 1079 3856 existimari
1099 3787 1158 3851 de·

150 3875 256 3938 beant·
286 3872 517 3955 Quamobrem
543 3880 667 3942 ea'nec
698 3878 834 3941 multum
859 3875 988 3940 diverso
1015 3884 1159 3958 ternpore

153 3957 273 4043 scripta
297 3980 369 4024 esse
395 3961 546 4028 credibile
573 3970 637 4038 est,
669 3960 857 4047 praesertim
882 3980 981 4043 quum
1008 3953 1158 4041 Sympos.

151 4067 184 4128 p.
202 4042 329 4107 man.
352 4055 459 4128 aperte
480 4046 522 4110 ad
543 4044 726 4110 Phaedrum
746 4042 946 4127 respiciatur.

943 4135 959 4207 l
