2604 4620
137 222 183 294 10
524 216 811 295 PRAEFATIO

135 399 217 485 quit,
233 398 382 477 Simmia,
404 420 501 485 aegre
515 399 658 484 profecto
677 398 749 466 aliis
763 411 876 485 potero
932 399 1086 466 rsuadere
1099 423 1151 469 me

134 488 270 551 mortem
290 483 402 548 nonin
420 483 514 550 malis
531 482 663 563 habere,
684 502 785 570 quum
798 508 856 551 vos
870 422 951 551 alio
965 485 1151 564 vereamini,

135 591 177 636 ne
190 567 269 633 mibi
281 590 368 633 nunc
383 567 423 633 de
436 565 488 633 his
498 568 596 634 rebus
607 569 765 636 disserere
775 570 944 636 molestum
959 569 1010 635 sit.
1035 569 1152 654 Itaque

135 675 191 719 eos
204 651 307 718 amice
320 652 506 718 cohortatus
520 664 580 732 est,
600 665 639 718 ut
653 654 680 719 si
696 654 873 740 quaeipsis
889 654 988 719 dubia
1001 654 1151 720 videren-

136 747 204 814 tur,
228 759 267 801 ea
288 758 329 802 ne
353 736 540 804 dubitarent
563 761 734 825 exponere.
767 738 906 805 Etiamsi
928 739 1013 805 enim
1031 749 1152 804 certam

134 821 399 907 exploratamque
415 822 665 889 immortalitatis
684 823 851 891 scientiam
870 825 905 889 in
923 824 984 891 hac
1002 823 1070 889 vita
1087 846 1153 888 non

135 927 307 991 possemus
330 909 500 991 consequi,
526 909 676 974 omnibus
696 919 803 973 tamen
824 909 947 976 viribus
967 908 1153 974 enitendum

135 1012 223 1067 esse,
245 1001 293 1068 ut,
312 1012 396 1073 quae
409 992 555 1073 proxime
573 993 616 1054 ad
630 992 939 1058 verisimilitudinem
953 992 1153 1069 accederent,

136 1095 176 1141 ea
189 1073 448 1157 exquirerentur,
469 1095 532 1156 quo
549 1072 676 1138 facilius
690 1085 788 1156 atque
803 1076 904 1140 tutius
917 1077 1045 1141 illorum
1059 1077 1163 1151 auxi-.

136 1157 190 1236 lio,
204 1167 359 1243 tanquam
373 1167 452 1234 rate,
466 1157 528 1222 hoc
541 1157 757 1241 impetuosum
776 1156 861 1220 vitae
876 1159 1012 1243 pelagus
1027 1161 1154 1226 traiice-

137 1262 256 1308 remus.
284 1241 349 1307 His
363 1241 458 1307 dictis
472 1251 637 1326 permotus
657 1237 825 1316 Simmias‚
847 1239 973 1304 fatebor
991 1242 1153 1324 equidem,

136 1326 256 1410 inquit,
276 1349 360 1412 quae
380 1325 486 1391 adhuc
505 1324 692 1411 disputasti,
711 1347 751 1390 ea
769 1323 847 1388 mihi
865 1323 1008 1388 nondum
1022 1347 1150 1388 omnem

138 1410 326 1496 scrupulum
345 1433 386 1474 ex
405 1409 512 1474 animo
535 1410 702 1474 exemisse.
733 1407 848 1493 Neque
870 1407 955 1472 enim
975 1407 1153 1472 absurdum

138 1495 276 1572 videtur,
296 1495 384 1643 qpod
402 1494 553 1582 permulti
565 1494 709 1559 homines
724 1493 931 1571 arbitrantur,
951 1492 1093 1585 animum
1107 1491 1154 1556 nil

138 1601 211 1645 esse
229 1579 294 1645 nisi
337 1579 513 1643 armoniam
527 1579 690 1664 quandam
709 1600 751 1643 ex
764 1578 850 1643 iusto
865 1577 1066 1664 singularum
1081 1599 1154 1642 cor-

138 1663 228 1765 poris
241 1663 383 1749 partium
400 1673 463 1729 tem
488 1673 652 1729 eramento
665 1664 843 1728 oriundam.
874 1660 1155 1743 Quemadmodum

138 1748 239 1835 igitur
258 1759 433 1815 concentus
451 1685 565 1813 rilimn
584 1748 750 1813 dissolutis
767 1748 857 1832 lyrae
871 1745 1020 1832 partibus
1034 1745 1155 1828 interit,

138 1832 185 1897 ita
202 1833 276 1899 vide
296 1857 336 1900 ne
354 1833 457 1899 fracto
471 1833 627 1899 dissoluto
650 1855 692 1898 ue
705 1854 840 1917 corpore
855 1831 951 1896 etiam
965 1830 1070 1897 omnis
1085 1829 1156 1892 ani·

139 1918 184 1983 mi
198 1918 249 1985 vis
263 1929 296 1984 et
308 1928 425 1985 natura
439 1917 489 1983 dis
514 1929 612 1985 erest.
627 1854 713 1982 lum
729 1914 880 1982 Socrates
894 1915 986 1980 vultu
998 1915 1042 1979 ad
1053 1914 1156 1978 risum

138 2004 318 2098 composito
333 2012 380 2079 et,
401 2012 439 2065 ut
453 1940 589 2078 soldbat,
609 2002 735 2065 intenta
753 2001 918 2065 oculorum
932 1999 1002 2064 acie
1018 1998 1155 2064 circum-

139 2106 157 2147 ι
179 2084 292 2160 icrens,
312 2105 378 2147 non
391 2085 485 2160 male,
498 2084 614 2165 inquit,
632 2081 784 2146 Simmias
798 2104 902 2145 meam
917 2083 1093 2147 orationem
1107 2082 1156 2146 vi-

162 2175 235 2230 etur
254 2165 298 2229 im
323 2187 475 2265 ugnasse.
506 2163 574 2229 Sed
593 2165 668 2229 huic
688 2164 880 2248 priusquam
893 2166 1156 2311 resqondeamus,

138 2249 237 2314 etiam
253 2246 300 2314 Oe
342 2259 384 2314 trs
398 2247 559 2313 audienda
579 2247 737 2313 sententia
751 2257 811 2313 est.
840 2245 886 2310 Et
904 2244 952 2312 Oe
976 2269 1011 2312 es
1027 2248 1157 2332 quidem

140 2355 176 2398 se
189 2333 223 2397 in
236 2333 352 2398 iisdem
365 2333 432 2398 sere
441 2332 573 2396 haerere
588 2331 680 2409 dixit,
700 2333 741 2396 de
761 2330 879 2422 quibus
895 2328 1046 2396 Simmiae
1059 2331 1155 2414 dubi-

140 2427 232 2482 taret.
263 2415 357 2498 Quae
372 2427 418 2495 tu,
439 2415 558 2500 inquit,
579 2415 675 2481 modo
690 2416 875 2501 disputasti,
893 2416 933 2481 iis
947 2414 1023 2481 licet
1035 2415 1157 2482 efficis-

140 2512 204 2579 tur,
226 2512 264 2567 ut
277 2502 405 2566 animus
422 2500 633 2566 diuturnitate
652 2523 771 2585 eorpus
791 2511 932 2585 superet,
952 2512 1059 2565 tamen
1073 2523 1156 2565 non-

140 2586 218 2650 dum
238 2596 288 2650 est
307 2586 560 2650 demonstratum
573 2585 711 2650 eundem
725 2581 766 2649 ab
785 2583 916 2649 interitu
934 2584 1064 2649 omnino
1084 2607 1156 2649 esse

139 2668 286 2735 liberum.
314 2667 404 2733 Fieri
423 2668 509 2734 enim
530 2679 655 2754 potest,
673 2681 711 2733 ut
730 2668 872 2746 animus,
893 2688 993 2753 quum
1007 2669 1042 2733 iu
1055 2669 1158 2733 multa

139 2754 293 2839 deinceps
313 2775 448 2838 corpora
465 2753 585 2840 migret
602 2753 707 2838 iisque
726 2763 892 2837 superstes
913 2753 971 2829 sit,
997 2762 1106 2818 tamen
1126 2762 1158 2816 et

139 2839 151 2904 i
177 2861 211 2904 se
225 2837 379 2938 temporis
400 2838 610 2904 diuturnitate
629 2837 759 2903 tandem
772 2837 902 2902 fatiscat
915 2847 948 2902 et
962 2847 1156 2915 conteratur.

142 2861 228 3006 (Suis
252 2924 353 3012 igitur
376 2923 471 2989 nobis
489 2933 633 3024 praestet
651 2923 723 3002 hoc,
748 2922 783 2987 in
804 2940 869 3006 quo
888 2944 977 2987 nunc
998 2920 1156 3006 degimus,

141 3033 197 3076 cor
221 3033 260 3076 us
274 3033 340 3076 non
354 3032 426 3076 esse
439 3008 656 3096 ultrmmnP).
1028 3040 1033 3049 ·

233 3096 262 3163 is
277 3095 373 3163 dictis
392 3118 451 3162 nos
472 3118 599 3175 omnes,
622 3094 678 3181 qui
692 3093 781 3245 appd
797 3090 964 3161 Socratem
978 3089 1159 3166 aderamus,

141 3182 345 3244 vehementer
367 3205 478 3259 sumus
522 3180 689 3246 erturbati.
746 3205 799 3246 am
813 3203 913 3264 quum
928 3187 1022 3244 antea
1038 3173 1159 3243 Socra-

140 3260 184 3322 tis
195 3260 371 3340 disputatio
382 3205 578 3356 nobisplaue
590 3263 798 3323 musfecisset
808 3264 1005 3341 mirificeque
1039 3258 1159 3320 laeuis-

53 3348 54 3351 ’
143 3350 207 3416 set,
227 3362 313 3404 nunc
328 3349 436 3402 tamen
452 3338 605 3402 Srmm1ae
619 3349 652 3402 et
668 3337 800 3404 Cebetis
814 3341 972 3403 dubitatio
987 3361 1004 3400 e
1029 3339 1102 3411 ecit,
1124 3346 1162 3398 ut

143 3423 268 3487 consilii
287 3444 422 3506 prorsus
441 3421 555 3505 inopes
575 3420 791 3486 haereremus.
822 3417 973 3484 Socrates
995 3439 1071 3480 vero
1086 3427 1159 3481 tan·

143 3516 212 3570 tum
230 3504 333 3570 abluit
350 3514 389 3569 ut
409 3504 449 3569 de
468 3527 567 3570 causa
588 3527 647 3568 sua
668 3504 831 3569 videretur
852 3525 923 3567 esse
939 3499 1102 3578 sollicitus,
1123 3514 1160 3566 ut

143 3612 309 3677 nunquam
322 3587 428 3676 magis
441 3589 617 3653 admiratus
633 3588 694 3652 sim
708 3588 770 3653 viri
785 3585 1048 3672 tranquillitatem
1062 3596 1159 3673 atque

144 3673 367 3740 constantiam.
393 3671 480 3738 Nam
500 3695 564 3738 non
585 3672 687 3736 solum
706 3669 859 3736 benevole
879 3676 1087 3755 amanterque
1101 3694 1159 3735 ex·

143 3757 230 3845 cepit
254 3757 326 3824 illas
346 3753 478 3824 Cebetis
497 3768 529 3822 et
549 3752 703 3822 Simmiae
722 3751 956 3828 dubitationem
984 3752 1040 3817 sed
1061 3753 1158 3819 etiam

196 4042 535 4106 orma-ma
