2604 4620
135 232 250 279 XLVIII
503 226 767 275 PROLEGOMENA

135 384 301 451 miscuisse
326 392 491 446 namautur
516 382 557 447 do
582 389 693 445 natura
713 401 856 466 poeseos.
893 376 1067 445 Contendit
1085 382 1145 447 nio

135 470 249 535 mirum
269 458 416 531 Socrates
437 465 589 552 tragicam
609 476 642 530 et
663 464 814 530 comicam
833 464 944 549 poesin
964 475 1031 530 tam
1051 478 1144 532 arcta

136 557 217 620 inter
238 574 273 617 sc
293 550 446 615 contineri
466 549 709 628 necessitudine,
730 560 767 613 ut
785 561 882 648 poeta
902 572 977 616 vere
999 551 1144 617 comicus

135 641 213 704 item
232 636 310 715 artis
331 634 479 724 tragicae,
501 647 595 721 poeta
616 657 690 699 rere
712 648 852 720 tragrcus
874 635 970 699 etiam
990 636 1070 701 artis
1085 658 1143 703 co·

136 723 235 787 micae
255 720 377 822 peritus
400 743 468 785 esse
484 720 607 786 debeat
631 717 694 786 Oui
706 719 837 805 Agatho
860 732 892 783 et
905 718 1144 807 Aristophanes

136 806 177 873 ab
203 806 292 872 initro
319 805 446 890 quidem
466 806 685 889 obloquuntur,
712 804 831 890 quippe
858 805 940 870 bene
969 806 1144 873 sentientes

130 915 208 974 sese
227 890 414 975 neutiquam
433 890 467 954 in
487 901 620 974 utroque
641 911 757 976 genere
777 891 940 969 excellere,
966 911 1044 956 mox
1065 910 1143 959 vero

136 979 181 1043 ita
202 976 424 1053 assentiuntur,
447 985 483 1039 ut
504 975 555 1040 vel
580 974 672 1039 inviti
693 973 835 1041 confiteri
854 975 953 1040 coacti
974 976 1046 1054 sint,
1072 998 1143 1043 sese

138 1062 206 1129 veri
226 1072 338 1147 poetae
359 1059 484 1124 nomine
503 1059 651 1147 indignos
673 1082 750 1124 esse.
779 1058 952 1125 Enimvero
971 1059 1019 1125 ita
1042 1083 1143 1144 quum

136 1145 345 1232 Aristophani
366 1145 460 1230 plaga
479 1143 635 1210 inferatur
659 1143 745 1209 haud
768 1166 843 1211 sane
863 1145 954 1222 levis,
983 1155 1051 1209 tum
1071 1146 1143 1232 ipse

137 1230 287 1299 Socrates
307 1241 441 1313 utroque
462 1240 555 1314 posta
574 1230 668 1329 longe
689 1229 833 1314 superior
846 1230 982 1295 evadere
995 1229 1160 1307 videatur¹

137 1338 267 1383 necesse
294 1325 358 1392 est,
386 1313 508 1398 inquo
533 1313 715 1380 Alcibmdes
742 1314 976 1401 elegantissima
1000 1317 1143 1384 oratione

139 1427 197 1469 sua
218 1410 382 1484 utramque
403 1399 586 1464 facultatem
605 1411 638 1463 et
651 1399 762 1464 comici
777 1411 809 1463 et
823 1399 926 1464 severi
939 1400 1144 1485 coniunctam

139 1486 228 1553 cerui
253 1484 423 1550 clarissime
452 1484 721 1549 demonstraverit.
757 1480 823 1549 Sed
849 1483 933 1549 istud
954 1483 1064 1572 ipsum
1084 1509 1143 1553 nos

139 1573 298 1648 admonet,
325 1579 362 1634 ut
390 1567 487 1634 etiam
511 1567 685 1634 Alcibiadis
713 1568 887 1634 orationem
914 1570 1143 1659 aliquantisper

142 1656 387 1731 consideremus,
409 1676 489 1738 qnae
511 1676 586 1719 sane
607 1655 653 1719 ita
673 1665 853 1740 comparata
867 1666 928 1734 est,
950 1666 988 1719 ut
1000 1652 1142 1723 Socratis

138 1764 284 1807 caussam
310 1739 462 1804 adversus
487 1738 735 1825 Aristophanem
759 1739 889 1804 defendi
921 1739 1062 1806 faciles
1081 1764 1140 1842 psa

139 1837 217 1893 reat.
238 1825 291 1891 De
313 1847 376 1908 qua
396 1846 432 1887 re
452 1824 595 1909 inprimis
609 1834 701 1889 acute
716 1825 863 1909 exposuit
876 1764 1140 1891 Delbriiciius

139 1914 160 1977 l.
182 1914 203 1978 l.
224 1909 320 1998 p.V1
335 1930 414 1992 sqq„
435 1931 530 1992 quem
548 1908 607 1973 hac
620 1909 654 1974 in
675 1922 767 1993 parts
779 1920 906 1974 nostrae
920 1910 1138 1996 disputationis

141 1998 254 2063 ducem
286 1994 447 2059 habemus.
491 1991 621 2092 Quippe
648 1993 738 2057 finita
767 1989 907 2060 Socratis
934 1994 1071 2061 oratioue
1097 2016 1135 2059 eo

139 2084 211 2168 ipso
233 2091 382 2178 tempore,
403 2098 465 2161 quo
488 2100 625 2143 oomrcus
644 2101 714 2143 sess
734 2078 872 2144 accinxit
890 2080 932 2144 ad
945 2079 1137 2155 defendenda

142 2188 201 2231 sua
227 2164 359 2250 placrta,
393 2161 495 2228 subito
523 2162 620 2226 intrat
645 2163 846 2241 Alcibiades,
878 2164 953 2229 vino
979 2176 1140 2254 gravatus,

140 2261 238 2336 caput
263 2268 378 2313 corona
404 2246 568 2312 redimitus
597 2257 692 2331 atqua
718 2247 819 2328 vittis,
852 2250 968 2332 quibus
994 2248 1143 2317 detractis

142 2333 322 2436 Agathonis
344 2343 484 2419 tempora
505 2331 620 2419 cingit3
649 2355 723 2399 mox
749 2346 856 2400 autem
877 2332 1044 2401 Socratem
1065 2338 1143 2401 conss

143 2429 293 2507 spicatas,
306 2429 405 2567 (parte
420 2417 570 2482 vittarum
582 2418 728 2502 repetita,
751 2418 846 2483 etiam
860 2419 1045 2486 admirabile
1057 2421 1144 2485 illius

143 2530 181 2572 ca
203 2517 239 2569 ut
271 2527 305 2568 re
338 2503 409 2580 mit,
442 2503 498 2586 qui
527 2502 662 2569 dicendo
689 2526 799 2568 onmes
827 2505 976 2573 mortales
1003 2517 1140 2590 superet.

143 2530 285 2655 Erloctus
312 2588 436 2665 deinde,
469 2608 551 2669 quae
578 2592 629 2653 res
655 2599 784 2674 agatur,
816 2611 886 2654 sese
912 2600 1010 2677 negat
1036 2612 1144 2655 coram

145 2674 276 2740 Socrate
297 2693 488 2756 quemquam
509 2673 605 2737 alium
627 2673 694 2737 sive
714 2673 810 2738 deum
823 2675 890 2740 sive
903 2675 1143 2741 hominemlau·

144 2761 292 2824 daturum
314 2778 383 2821 esse
403 2766 530 2842 praeter
549 2756 634 2822 hunc
653 2757 768 2845 ipsum.
791 2757 864 2839 Quo
880 2759 967 2825 facto
985 2760 1080 2826 venia
1098 2761 1145 2825 rei

145 2845 313 2930 impetrata
337 2841 500 2907 exorditur
526 2842 697 2908 orationem
724 2866 823 2922 suam,
849 2866 925 2911 vere
950 2867 1019 2912 sese
1041 2845 1146 2911 omnia

144 2931 303 2995 dicturum
323 2949 393 2992 esse
414 2927 553 3012 graviter
573 2950 766 2995 asseverans.
791 2928 922 2993 Initium
941 2940 1048 2995 autem
1069 2931 1146 2997 iacit

144 3040 164 3082 a
187 3013 346 3080 laudanda
362 3009 506 3078 'Socratis
532 3013 739 3092 deformitate,
767 3036 837 3079 com
861 3036 952 3080 arans
979 3038 1146 3081 eumcum

146 3099 325 3166 Silanorum
346 3099 469 3175 statuis,
491 3120 574 3181 quae
595 3100 789 3164 extrinsecus
809 3124 843 3163 nr
867 3100 888 3165 'l
908 3099 1047 3166 habeant
1081 3100 1144 3165 uod

144 3187 277 3271 placeat,
310 3184 452 3248 reclusae
478 3183 565 3249 intus
597 3184 787 3269 pulcerrima
817 3185 949 3250 deorum
979 3184 1038 3250 sim
1069 3204 1142 3247 sora

146 3270 321 3335 ostendant.
369 3265 461 3347 Quae
518 3269 654 3334 ertinent
684 3270 751 3333 sine
778 3269 873 3334 dubio
900 3270 942 3334 ad
969 3270 1142 3335 deformem

148 3351 288 3418 Socratis
309 3352 423 3417 faciem
443 3353 477 3417 in
528 3352 643 3425 ¹ubibus
663 3365 939 3453 repraesentatam,
960 3361 1141 3439 quaosten·

140 3438 245 3502 -tanda
272 3437 381 3502 comici
413 3436 524 3502 histrio
552 3448 761 3523 spectantium
788 3440 957 3505 cachinnos
983 3436 1143 3501 movisset.

147 3521 214 3588 Sed
239 3521 318 3587 haec
342 3522 413 3608 ipsa
434 3519 573 3587 Socratis
599 3546 671 3588 cum
693 3521 809 3589 Silenis
835 3524 1003 3590 similitudo
1028 3521 1145 3586 deinde

146 3609 191 3673 ita
219 3607 435 3686 adumbratur,
463 3617 500 3669 ut
527 3606 623 3672 totius
648 3609 715 3673 sere
735 3610 885 3675 orationis
906 3609 1148 3683 fundamentum

147 3715 185 3758 ea
205 3692 263 3758 niti
282 3694 435 3760 videatur.
468 3689 537 3753 Iam
562 3714 637 3758 vero
658 3690 806 3759 Socrates
830 3696 864 3759 in
884 3694 1033 3761 Nubibus
1053 3693 1149 3758 etiam

149 3790 309 3863 tamquam
329 3776 481 3842 malarum
503 3774 650 3842 tricarum
672 3780 914 3866 sophisticarum
935 3792 1031 3866 atque
1046 3777 1148 3864 turpi·

148 3865 266 3930 tudinis
294 3873 325 3929 et
349 3859 564 3944 impudentiae
589 3864 741 3953 magister
765 3865 960 3931 informatur.
998 3863 1087 3947 Quid
1108 3863 1150 3928 ad

147 3950 226 4015 haec
245 3944 429 4013 Alcibiades
449 3946 536 4030 apud
555 3946 740 4015 Platonem?
761 3949 917 4015 Nimirum
938 3951 1070 4017 summis
1083 3949 1150 4014 lau·

148 4033 242 4100 dibus
263 4033 315 4097 ille
337 4030 498 4114 praedicat
518 4031 566 4117 (p.
589 4035 660 4098 215.
682 4034 724 4101 Ι).
748 4056 816 4119 sqq.
831 4036 944 4101 ὰ-216,
970 4034 1026 4121 C.)
1047 4030 1149 4100 admi·
