2604 4620
395 233 604 297 arlauno.
629 255 658 313 p.
680 238 730 298 oo.
753 233 797 297 ει

84 411 224 492 μοῦντες
249 411 396 486 ἐκείνων,
420 401 530 472 ἄλλων
562 403 741 491 ἀπέχονται
775 404 831 472 ὑπ’
871 402 980 474 ἄλλων
1014 432 1094 494 κρα·

85 509 249 596 τούμενοι.
281 514 391 574 καίτοι
423 510 563 573 καλοῦσι’
599 533 634 588 γε
661 505 845 574 ἀκολασίαν
871 506 909 573 τὸ
936 503 1001 574 ὑπὸ
1030 511 1096 575 τῶν
1116 521 1159 579 (lli

84 605 212 688 ἡδονῶν
232 603 418 695 ἄρχεσθαι·
445 604 520 671 ἀλλ’
558 602 646 692 ὅμως
678 608 847 690 ξυμβαίνει
871 604 987 684 αὐτοῖς
1014 634 1094 691 κρα-

85 711 255 793 τουμένοις
280 706 344 796 ὑφ’
373 704 508 787 ἡδονῶν.
530 721 663 794 κρατεῖν
689 703 798 771 ἄλλων
827 704 965 786 ἡδονῶν.
992 712 1118 784 τοῦτο,
1144 719 1156 727 “

85 805 117 873 δ’
149 803 268 893 ὅμοιόν
296 814 383 872 ἐστιν
410 798 434 888 ᾦ
462 809 523 870 νῦν
551 805 590 886 δὴ
617 810 740 889 ἐλέγετο
756 854 764 883 ,
790 810 836 889 τῷ
866 805 992 889 τρόπον
1018 804 1092 873 τινὰ

84 904 128 974 δι’
167 906 352 972 ἀκολασίαν
386 902 510 983 adroic
542 909 825 995 σεσωφρονίσθαι.
878 903 984 973 ’Ἑοικε
1020 906 1094 991 γάρ.

88 1007 120 1072 Ω
157 1004 299 1090 μακάριε
337 1005 489 1088 Σιμμία,
527 1002 571 1088 μὴ

606 1003 670 1090 μὰρ
708 1004 767 1089 οὐχ
792 1001 877 1084 αὕτη
906 995 925 1096 ᾖ
953 1004 972 1085 ἡ
1000 1003 1094 1092 ὀρθὴ

83 1107 169 1193 πρὸς
196 1100 319 1192 ἀρετὴν
344 1102 483 1184 dilapsi,
508 1101 633 1184 ἡδονὰς
659 1102 743 1188 πρὸς
768 1101 892 1184 ἡδονάς
908 1109 963 1171 καὶ
986 1104 1094 1182 λύπας

82 1202 169 1292 πρὸς
182 1203 288 1280 λύπας
305 1207 360 1268 καὶ
375 1200 485 1292 φόβον
502 1200 585 1290 πρὸς
595 1200 704 1295 φόβον
720 1203 1025 1281 καταλλάττεσθαι,
1037 1211 1092 1271 καὶ

82 1307 175 1390 μείζω
192 1299 276 1392 πρὸς
290 1299 424 1382 ἐλάττω,
441 1299 545 1388 ὥςπερ
563 1308 761 1388 νομίσματα,
778 1302 854 1369 ἀλλ’
878 1295 1015 1396 blastus
1033 1303 1093 1389 μό-

83 1429 143 1471 νον
160 1401 198 1470 τὸ
214 1399 359 1489 νόμισμα
376 1400 499 1489 ὀρθόν,
517 1401 602 1487 ἀνθ’
634 1397 674 1470 οὗ
691 1406 739 1469 δεῖ
753 1400 890 1470 ἅπαντα
909 1408 1015 1469 ταῦτα
1034 1431 1093 1471 κα-

84 1501 356 1581 ταλλάττεσθαι,
382 1501 553 1592 φρόνησις,
580 1506 635 1569 καὶ
662 1501 785 1570 τούτου
810 1508 871 1589 μὲν
896 1503 1009 1570 πάντα
1036 1510 1091 1571 καὶ
1122 1514 1144 1570 Β

48 1600 53 1608 ’
82 1601 164 1689 μετὰ
192 1600 313 1681 τούτου
340 1600 513 1690 ὠνούμενοέ
539 1628 572 1668 τε
598 1607 654 1670 καὶ
679 1602 930 1691 πιπρασκόμενα
957 1608 1003 1689 τῷ
1018 1603 1092 1672 ’όντι

153 1866 184 1916 e.
203 1864 245 1918 69.
279 1844 317 1928 ll
341 1866 403 1934 γορ
427 1866 489 1929 σεχ
511 1864 594 1930 τινα
619 1861 650 1934 ε]
677 1866 727 1933 ,ορ
751 1868 868 1919 auaitum
891 1884 905 1918 e
928 1868 1004 1918 noar.
1022 1870 1091 1923 roa.

83 1934 148 1987 Ven.
166 1934 201 1986 ll.
221 1934 347 1986 vind-e.
366 1938 425 1987 Par.
444 1938 478 1987 G.
496 1937 585 1985 Ambr.
604 1937 673 1986 Flor.
694 1936 718 1985 d.

98 2047 103 2056 ,
153 2001 232 2068 πρὸς
256 2001 377 2069 ἀρετὴν
402 2003 544 2070 ἆλλιιγιί]
570 2006 633 2055 Voc.
656 2002 753 2068 ιίλλαμὴ
784 2002 899 2055 additum
919 2020 933 2054 e
952 2003 1010 2057 Vni.
1031 2004 1092 2056 Ven.
1172 2050 1175 2059 ,

84 2068 121 2123 Π.
145 2069 217 2120 Vind.
242 2076 273 2121 Φ.
298 2072 359 2124 Par.
384 2073 413 2121 C.
441 2074 528 2123 Ambr.
557 2073 627 2125 Flor.
649 2090 672 2126 a,
698 2074 721 2124 b.
751 2073 775 2123 d.
795 2089 827 2122 m.
848 2073 913 2123 Dein
932 2072 1006 2122 llodl.
1026 2073 1094 2124 Tub.

83 2137 145 2188 illd
164 2136 257 2200 ἡδονὰς
273 2138 338 2204 πρὸς
355 2138 457 2202 ἡδονάς,
493 2141 546 2192 Se'd
564 2158 587 2194 v.
607 2144 639 2193 ad
658 2160 682 2208 p.
701 2142 742 2194 70.
761 2142 790 2190 C.

150 2205 280 2258 ἅπαντα
298 2213 420 2271 ταῦτα]
442 2211 486 2261 Sic
505 2211 581 2262 Bodl.
603 2213 664 2264 Ven.
685 2210 722 2259 .ll
746 2211 814 2260 Tub.
829 2209 897 2263 Vett.
917 2211 988 2263 editt.
1008 2210 1093 2261 πάιιιι

48 2279 51 2287 “
81 2279 174 2328 ταῦτα.

118 2442 199 2498 Pili.
218 2443 259 2511 μὴ
279 2445 412 2516 γὰροιίχ
428 2447 561 2514 αίίτη-]

83 2513 213 2565 Particula
238 2513 288 2583 γὰρ
312 2517 424 2568 refertur
449 2518 480 2567 ad
504 2534 564 2569 sen·

83 2583 188 2633 tentiam
208 2599 240 2633 ex
258 2587 380 2636 orationis
392 2587 459 2637 serie
471 2603 571 2637 eruen-x

84 2650 152 2703 dam.
188 2651 279 2702 Possis
296 2654 452 2719 intelligere:
485 2655 562 2706 Noli

84 2718 165 2770 hano
191 2722 355 2771 sentiendi
380 2723 563 2787 agendique

84 2787 250 2839 rationem
288 2791 444 2854 probare:
489 2791 563 2842 vide

85 2855 181 2918 enim,
206 2871 249 2906 ne
272 2858 347 2907 haec
372 2873 432 2908 nou
452 2861 497 2909 sit
514 2876 563 2910 re-

85 2929 136 2974 cta
159 2922 197 2973 ad
222 2924 380 2974 virtutem
410 2928 496 2989 quod
520 2933 562 2977 at-

84 2992 173 3042 tinet
198 2993 422 3053 permutatio,
448 3001 481 3042 ut
513 3010 564 3042 vo-

84 3060 242 3118 luptates
280 3071 350 3104 cum
379 3061 565 3122 voluptati-

86 3127 147 3174 bus
183 3147 217 3156 -
254 3129 501 3173 commutemus,
543 3140 567 3174 v,

84 3189 290 3242 humbertus
323 3189 396 3238 Bos.
427 3190 505 3256 Elips¹
540 3209 565 3256 p.

84 3257 137 3314 809
168 3272 224 3320 sqq.
253 3257 293 3309 ed.
323 3256 454 3309 Sebacier.
485 3259 566 3324 Wyt·

86 3325 301 3388 tenbacbius‚
335 3342 410 3390 quum
442 3343 484 3378 res
513 3344 563 3379 non

87 3395 174 3445 viam
202 3393 360 3457 virtutis,
393 3396 440 3446 sed
465 3398 563 3448 virtu-

88 3472 151 3514 tem
176 3463 278 3527 ipsam
304 3463 437 3527 requirere
461 3466 563 3516 videre-

87 3540 136 3593 tur,
155 3547 202 3594 pro
220 3537 271 3583 vet.
288 3532 347 3582 leot.
371 3530 384 3594 ἡ
404 3531 475 3597 ὀρθὴ
496 3533 565 3598 πρὸς

87 3598 193 3665 ἆρετήν,
216 3597 309 3662 ἡδονὰς
327 3619 369 3662 πρ.
389 3598 429 3662 ἡδ.
450 3603 564 3651 scriben-

89 3670 148 3718 dum
163 3668 262 3736 censuit
282 3666 379 3736 ἦόρθι)
393 3667 483 3734 ἀρετή,
502 3669 564 3732 ἡδο-

88 3735 133 3790 νὰς
160 3733 228 3798 πρὸς
258 3733 298 3798 ἠδ.
329 3756 352 3790 κ.
376 3756 400 3789 τ.
425 3738 447 3789 λ,
489 3739 566 3789 Quod

89 3805 188 3856 etiamsi
206 3805 351 3855 accuratius
375 3805 470 3856 dictum
490 3807 566 3863 foret.

87 3871 147 3922 ferri
165 3878 251 3922 tomen
269 3874 401 3936 vulgatum
420 3882 526 3939 posset,
545 3876 567 3926 si

87 3941 144 3992 libri
163 3955 254 3990 omues
267 3941 327 3991 illud
344 3949 491 3999 constanter
509 3950 566 3993 tue-

87 4013 184 4059 rentur.
220 4008 294 4058 Nunc
306 4025 376 4070 vero,
394 4026 472 4074 quum
493 4012 566 4063 multi

70 4119 73 4123 .
87 4075 165 4129 codd.
185 4076 300 4141 optimae
309 4084 387 4130 notae
399 4084 460 4144 post
471 4078 567 4147 ἀρετὴν

614 2449 710 2501 addant
745 2445 857 2512 ἆλλομή,
901 2448 971 2511 quod
1007 2451 1091 2513 ipsum

614 2520 693 2570 etiam
729 2516 929 2567 lamblichus
967 2515 991 2564 in
1027 2516 1091 2565 libro

614 2603 661 2637 suo
682 2585 784 2646 babuit3
806 2601 856 2635 non
869 2584 1039 2633 dubitavimus
1050 2598 1092 2635 re-

614 2657 715 2720 cipere,
736 2653 805 2716 quod
824 2652 967 2704 sententiae
986 2650 1092 2701 rationi-

614 2725 663 2773 bus
683 2721 777 2786 optime
797 2721 944 2782 convenire,
963 2720 995 2769 ab
1014 2720 1092 2769 libra—

613 2790 660 2842 riis
677 2797 761 2841 autem
787 2793 868 2840 multo
890 2788 988 2838 facilius
1013 2787 1093 2837 deleri

614 2875 690 2922 quam
717 2856 775 2907 addi
805 2858 922 2922 potuisse
951 2855 1093 2907 videbatur.

616 2928 737 2976 ceterum
766 2926 836 2974 verbi
864 2921 1094 2971 καταλλάττεσθαι
1135 2938 1138 2942 ·
1165 2968 1168 2973 ,

613 3007 688 3041 usum
708 2993 832 3054 exemplis
855 2990 989 3040 illustravit
1006 2988 1092 3050 Wyt·

616 3056 763 3108 tenbacla.
782 3058 814 3106 ad
833 3057 856 3107 b.
869 3059 885 3105 l.
906 3056 944 3103 De
957 3054 1093 3116 praeposi·

616 3126 687 3174 tione
704 3120 762 3170 ἀντὶ
779 3138 835 3172 cum
851 3119 996 3172 huiusmodi
1009 3119 1094 3176 verbis

617 3190 753 3241 coniuncta
766 3205 789 3243 ν.
805 3190 901 3240 Piers
910 3203 954 3238 on.
966 3187 997 3238 ad
1009 3187 1092 3240 Moer.

617 3277 642 3326 p.
669 3258 717 3311 155
744 3258 796 3322 sq.'
831 3259 955 3309 Ceterum
985 3255 1092 3319 ridetur,

615 3329 722 3393 opinor,
743 3326 866 3377 hocloco
887 3326 1013 3376 sententia
1033 3327 1092 3376 Ari-

614 3398 693 3462 stippi
712 3396 853 3460 Cyrenaici,
873 3396 960 3445 multis
980 3401 1044 3455 tum,
1063 3401 1093 3445 nt

614 3467 729 3526 ridetur,
749 3466 867 3529 probata,
886 3479 952 3528 quae
970 3464 1091 3515 uirtutem

614 3533 743 3585 referebat
769 3535 801 3583 ad
827 3533 990 3598 prudentiam
1010 3548 1120 3596 quarn.

615 3603 673 3652 dam
688 3603 823 3665 tranquille
834 3603 961 3664 beateque
979 3601 1090 3664 vivendi,

615 3672 727 3735 ideoque
739 3672 879 3735 sapientem
893 3670 999 3720 iubebat
1013 3685 1091 3733 quam

617 3741 729 3790 maxime
748 3739 841 3789 sectari
853 3738 920 3788 vitae
938 3739 1092 3788 suavitatem

618 3815 695 3872 atque
717 3807 909 3857 iucunditatem.
936 3822 961 3859 v.
981 3807 1089 3869 Protag.

618 3894 643 3941 p.
657 3876 708 3929 354
721 3877 759 3928 .C.
770 3872 829 3927 356.
843 3874 875 3926 Β.
892 3873 993 3925 Phlleb.
1010 3888 1035 3936 p.
1048 3870 1092 3924 53.

618 3946 648 3995 C.
667 3945 710 3998 ot.
727 3944 759 3993 D.
777 3943 863 4007 ibique
880 3957 940 3991 ann.

653 4014 684 4065 B.
720 4007 889 4075 dvodpsaa'
913 4027 946 4057 τε
971 4005 1024 4053 καὶ
1042 4020 1092 4053 πε.

617 4077 830 4148 προσκείμενα
855 4097 878 4125 ε.
903 4075 928 4126 ὅ.
952 4068 983 4137 ἦ]
1020 4071 1042 4126 b.
1068 4089 1091 4125 e.
