2604 4620
186 219 302 302 'nxx
498 280 501 292 .
603 252 871 301 naonneomnna
980 293 982 296 ,

186 434 190 441 ·
229 408 273 472 A.
295 429 333 490 sq
356 453 364 470 .
388 415 420 470 et
440 427 472 490 p.
489 405 560 470 150.
575 403 616 469 Β.
632 401 670 471 0.
692 405 803 491 ibique
822 415 928 471 annot.
950 405 1109 474 Nimirum
1129 409 1244 475 festiva

229 493 283 559 ille
304 429 490 590 uibanaque
511 512 591 555 usus
616 490 718 556 ironia
738 490 790 557 his
812 490 905 556 dictis
928 490 1128 578 significavit,
1157 496 1244 578 quod

229 597 384 661 quorsum
403 583 589 660 pertmeret,
612 597 676 640 non
697 598 807 642 omnes
828 576 993 659 assequuti
1019 589 1104 656 sunt,
1127 602 1197 645 sese
1212 594 1245 646 et

230 662 337 746 ipsum
356 681 466 748 amore
490 660 666 746 sapientiae
688 682 758 727 esse
780 660 937 745 repletum
951 671 985 739 et
1000 663 1134 728 eandem
1148 687 1245 749 quam

229 741 367 810 maxime
394 767 512 832 cupere
537 745 572 827 ip
600 745 851 810 adolescentium
876 745 992 811 animis
1042 770 1171 814 enerare
1193 752 1245 816 vel

229 818 328 895 etiam
348 831 538 914 quaerendo,
602 829 786 906 roontando,
814 769 1054 897 sermocinando
1083 838 1244 934 tamquam

229 924 357 1000 partum
379 916 517 999 aliquem
531 915 564 979 in
589 937 606 978 e
628 913 751 981 elicere.
774 911 881 994 Quem
895 914 1025 999 quidem
1039 916 1100 983 viri
1115 942 1243 1069 saplen-
1283 940 1287 949 ’

230 998 345 1063 tissimi
366 1021 505 1064 amorem
526 1000 686 1065 luculente
701 998 806 1063 deseri
832 999 873 1063 sit
892 999 1008 1067 Plato
1029 1002 1062 1068 in
1077 1003 1150 1070 Alci
1173 1004 1244 1070 iade

228 1082 333 1170 primo
353 1104 385 1230 pi
402 1084 474 1181 llll.
490 1080 528 1147 C.
545 1104 625 1167 sqq.,
640 1104 735 1166 quem
749 1021 892 1149 libellum
911 1087 967 1169 qui
980 1109 1085 1174 nuper
1101 1090 1244 1173 spurium

230 1191 270 1234 ac
291 1165 350 1233 sub
388 1167 498 1232 tiorum
520 1188 591 1243 esse
612 1166 844 1246 iudicaverunt,
866 1168 890 1232 ii
910 1169 945 1232 in
966 1170 1112 1237 fraudem
1134 1197 1172 1239 eo
1192 1174 1243 1238 in-

229 1252 319 1320 ducti
341 1263 426 1328 sunt,
448 1251 536 1335 quod
555 1250 700 1316 Platonis
722 1248 877 1317 Socratici
899 1254 1018 1352 scripta
1038 1278 1102 1319 non
1116 1256 1157 1320 ab
1172 1258 1244 1323 aliis

230 1339 464 1414 discreverunt,
492 1358 575 1420 quae
604 1335 769 1401 maturiori
789 1335 970 1424 philosoph]
987 1338 1090 1402 laetati
1112 1352 1245 1424 accepta

230 1425 421 1489 referuntur.
456 1420 508 1486 Ita
534 1421 634 1506 igitur
657 1418 814 1487 Socrates.
848 1419 957 1506 Atque
984 1421 1060 1488 hinc
1080 1423 1244 1507 profectus

230 1508 325 1573 Plato
352 1529 421 1572 rem
441 1506 604 1591 aliquanto
630 1505 778 1592 provexit
798 1506 903 1572 altius.
938 1505 1062 1572 Retulit
1084 1507 1170 1572 enim
1189 1507 1244 1572 ille

231 1591 431 1659 Socraticam
456 1591 573 1658 amoris
599 1590 829 1677 professionem
848 1612 914 1656 non
940 1601 1064 1657 tantum
1085 1592 1127 1657 ad
1147 1591 1244 1656 animi

119 1756 123 1763 ς
231 1677 381 1743 virtutem
401 1685 457 1741 aut
470 1677 586 1742 mentis
599 1677 755 1756 notiones,
776 1697 857 1762 quas
879 1675 1045 1763 spectabat
1053 1677 1160 1778 ipsius
1174 1676 1242 1742 ma-

255 1764 342 1840 ster,
369 1761 427 1827 sed
453 1760 596 1826 traduxit
620 1760 708 1827 illam
738 1762 889 1828 continuo
914 1761 957 1826 ad
977 1761 1119 1827 studium
1139 1784 1245 1827 rerum

231 1787 421 1926 ffivinarum,
448 1847 535 1932 quod
550 1845 589 1910 ¹iu
611 1846 841 1934 cognoscendis
863 1856 959 1931 atque
980 1846 1143 1913 intuendis
1163 1847 1245 1912 ideis

157 1934 159 1941 ’
231 1934 456 1999 contineretur.
483 1929 615 2018 Quippe
635 1931 718 2018 huic,
733 1931 789 2016 qui
811 1932 938 1998 deditus
959 1931 1004 1996 ita
1025 1942 1122 2010 esset,
1145 1942 1180 1997 ut
1195 1942 1243 1998 to-

233 2030 285 2084 tus
306 2027 489 2083 versaretur
509 2017 544 2080 in
568 2015 710 2083 veritatis
739 2025 886 2082 aeternae
909 2017 1173 2103 contemplatione
1194 2029 1243 2081 at-

232 2125 297 2187 que
324 2103 405 2166 alios
434 2122 561 2186 quoque
589 2100 729 2166 ad'eam
779 2101 933 2167 erducere
959 2112 1145 2180 conaretur,
1173 2124 1245 2166 eum

232 2188 361 2252 demum
381 2185 561 2273 perfeetum
583 2185 708 2251 censuit
727 2207 749 2269 p
775 2185 963 2285 'osophum‚
991 2196 1087 2271 atque
1109 2185 1245 2252 eundem

232 2273 328 2338 etiam
356 2272 532 2357 perfectum
553 2279 725 2336 amatorem
745 2291 818 2335 esse
838 2269 1003 2350 iudrcavit,
1024 2271 1066 2337 de
1087 2294 1152 2356 qua
1172 2293 1245 2336 sen-

233 2357 333 2424 tentia
358 2380 389 2421 v.
417 2355 472 2422 De
497 2354 716 2442 Republ.111.
739 2378 771 2441 p.
790 2355 865 2420 402.
884 2354 925 2420 A.
951 2376 1020 2439 sqq.
1047 2379 1080 2457 p.
1105 2357 1179 2421 403.
1200 2354 1245 2420 A.

231 2443 271 2509 B.
288 2439 328 2507 (l.
344 2441 404 2507 VI.
419 2464 452 2540 p.
467 2442 541 2506 490.
555 2439 598 2504 A.
612 2440 652 2504 Β.
669 2438 706 2504 C.
728 2450 762 2505 et
773 2438 978 2505 Phaedonem
996 2431 1075 2506 locrs'
1113 2440 1244 2505 lurimis.

231 2527 278 2592 Et
307 2524 506 2592 Socratrcam
532 2524 662 2609 quidem
689 2524 844 2590 rationem
871 2525 1030 2610 expressit
1097 2523 1246 2607 enophon

232 2613 268 2677 in
289 2610 480 2696 Symposio;
506 2609 717 2686 Platonicam,
739 2618 776 2672 ut
795 2607 945 2686 diximus,
967 2608 1001 2672 in
1022 2629 1087 2673 uno
1108 2607 1245 2671 maxime

231 2696 380 2762 Phaedro
415 2717 453 2760 ac
479 2692 653 2781 Symposio
680 2693 858 2779 expositam
882 2693 1052 2772 habemus,
1085 2702 1123 2756 ut
1152 2691 1245 2756 facile

232 2781 306 2847 hinc
335 2802 525 2866 cognoscere
551 2777 590 2844 et'
608 2778 787 2878 intelligere
815 2778 919 2858 liceat,
953 2788 1109 2868 quantum
1130 2776 1244 2841 discri-

232 2865 328 2931 minis
354 2865 440 2930 inter
472 2865 577 2930 utrius
600 2886 641 2929 ue
669 2863 834 2948 scnptoris
863 2859 1021 2928 Convivia
1048 2861 1246 2927 intercedere

136 2953 140 2960 '
232 2949 481 3016 existimandum
502 2949 553 3014 sit.
615 2959 689 3033 tque
710 2947 806 3012 huius
826 2947 928 3033 ipsius
949 2946 997 3012 rei
1018 2948 1245 3012 commemora-

233 3036 278 3101 tio
299 3045 462 3120 tamquam
485 3043 605 3121 sponte
618 3055 678 3099 nos
692 3032 828 3116 denique
842 3032 884 3117 ad
898 3032 977 3097 illud
997 3031 1138 3110 deducit,
1161 3031 1247 3115 quod

232 3122 266 3185 in
287 3121 374 3186 hisce
394 3118 635 3207 Prolegomenis
650 3116 767 3195 nostris
781 3117 893 3183 ultimo
911 3117 983 3182 loco
997 3116 1155 3204 attingere
1169 3138 1245 3180 con-

233 3205 405 3272 stituimus.

275 3289 460 3354 Dicendum
488 3289 573 3353 euim
601 3288 707 3353 adhuc
758 3288 847 3353 aucis
869 3296 918 3352 est
939 3286 980 3351 de
1001 3286 1133 3362 ratione,
1163 3305 1245 3366 quae

233 3375 317 3438 inter
337 3373 538 3468 Platonicum
567 3383 599 3439 et
620 3311 895 3459 Xenoplronteum
917 3369 1126 3457 Symposium
1146 3367 1244 3431 inter·

235 3457 337 3523 cedat.
380 3457 485 3522 Vetus
516 3469 566 3522 est
595 3468 701 3523 autem
732 3456 865 3523 atinde
893 3456 933 3522 ab
961 3452 1121 3520 Athenaei
1148 3461 1245 3535 atque

236 3539 334 3608 Gellii
360 3550 464 3606 aetate
491 3543 533 3604 ad
558 3552 699 3606 nostram
724 3565 827 3627 usque
854 3540 1040 3607 memoriam
1067 3547 1246 3624 propagata

234 3625 354 3713 opinio,
383 3626 523 3690 certain
544 3627 594 3690 his
615 3626 767 3726 operibus
789 3637 900 3717 extare
926 3634 1056 3690 mutuae
1078 3622 1246 3687 simultatis

235 3713 441 3787 documenta,
472 3731 555 3794 quac
583 3721 750 3796 utriusque
779 3711 942 3798 scriptoris
971 3708 1095 3774 animos
1122 3707 1244 3772 disiun-

235 3798 366 3884 xerit*).
399 3792 494 3878 Quae
516 3795 623 3882 opinio
645 3797 724 3881 quid
744 3797 861 3864 habeat
888 3793 1173 3864 verisimilitudinis
1195 3793 1245 3856 vel

404 4005 486 4054 then.
509 4003 556 4056 IX.
579 4021 602 4071 p.
627 4011 682 4056 400.
706 4006 737 4057 D.
765 4006 896 4070 Diogen.
921 4006 1004 4057 Laert.
1027 4002 1075 4055 111.
1099 4008 1137 4055 34.
1166 4002 1243 4055 Gell.

199 4044 204 4063 .
269 4005 295 4067 *)
321 4007 354 4055 V·
373 4005 398 4055 Α

321 4076 351 4125 N.
370 4074 403 4125 A.
421 4073 494 4125 XIV.
513 4080 536 4124 3.
