2604 4620
194 262 254 327 ΙΜ
338 268 340 275 ’
574 264 823 330 endromis

189 436 265 512 θῶς
293 432 414 518 ἡγῆται
437 434 456 504 ὁ
482 434 683 524 ἡγούμενος,
709 434 784 517 ἑνὸς
807 432 915 505 αὐτὸν
939 434 1099 526 σώματος
1126 443 1212 530 ἐρᾶν

188 538 245 603 καὶ
269 539 424 604 ἐνταῦθα
451 541 573 623 γεννᾶν
597 536 714 624 λόγους
738 535 870 617 καλούς,
895 545 1007 607 ἔπειτα
1033 543 1070 608 δὲ
1098 538 1212 611 αὐτὸν

190 639 419 725 κατανοῆσαι,
452 635 507 707 ὅτι
540 635 577 706 τὸ
610 638 735 717 κάλλος
766 637 806 707 τὸ
839 642 892 706 ἐπὶ
917 636 1050 724 ὁτῳοῦν
1075 640 1210 732 σώματι

127 730 161 792 Β
190 739 237 821 τῷ
263 740 315 804 ἐπὶ
342 744 441 825 ἑτέρῳ
466 736 595 826 σώματι
627 737 775 833 ἀδελφόν
801 748 883 819 ἐστι,
918 743 974 808 καὶ
999 748 1028 809 ei
1047 746 1106 812 Ιδεῖ
1133 740 1211 813 διιό-

189 863 259 904 uara
282 834 323 905 ’τὸ
350 839 404 905 ἐπ’
435 839 513 907 ei'dat
540 838 666 922 καλόν,
690 837 797 923 πολλὴ
821 837 921 908 ἄνοια
946 837 992 928 μὴ
1019 841 1083 930 οὐχ
1111 851 1150 914 ἕν
1175 869 1210 913 τε

184 941 244 1015 ,καὶ
269 935 394 1007 ταύτὸν
419 938 580 1031 ἡγεῖσθαι
611 938 651 1012 τὸ
686 946 739 1010 ἐπὶ
764 944 847 1010 πᾶσι
872 952 944 1021 τοῖς
968 939 1103 1031 σώμασι
1129 944 1210 1014 κάλ-

257 1151 328 1211 ἑνδς
351 1151 454 1208 αὐτὸν
476 1153 628 1223 σώματος
651 1154 745 1226 ἐρᾶν]
767 1153 855 1209 αὐτῶν
874 1155 975 1212 vead.
993 1159 1131 1213 Pseu&
1143 1163 1208 1229 Aug.

189 1236 219 1271 w.
231 1221 287 1273 Vat.
299 1239 325 1290 p.
342 1223 412 1289 quod
429 1223 503 1313 dedit
522 1225 636 1276 Beldrer.
913 1252 915 1257 ·
1052 1248 1059 1271 r

257 1326 289 1376 B.
325 1331 367 1395 τῷ
388 1327 441 1376 tul
462 1328 558 1395 {rippa
582 1322 723 1395 roipert]
747 1327 793 1378 ἐπί
808 1343 861 1381 om.
880 1329 960 1382 Coisi.
977 1286 1123 1383 PurassF.
1140 1336 1207 1398 Aug.

189 1392 247 1445 Vat.
257 1393 312 1447 dm.
322 1411 343 1448 a.
359 1395 508 1449 Florentlnl.

188 1561 245 1597 aen
289 1546 492 1601 individuen
529 1547 992 1613 einerleimolesturaaccidat,
1018 1551 1207 1617 uuueaignlll-

189 1615 282 1679 Inice,
319 1616 389 1668 cine
422 1617 484 1668 aad
516 1617 669 1670 dissolbe
720 1620 895 1682 metipsum,
912 1618 1109 1687 opponiturque
1127 1635 1206 1686 prae·

189 1685 300 1736 Natar
318 1686 534 1737 wairrnimmt.
554 1686 597 1737 So
614 1703 667 1753 ge·
718 1686 837 1737 cedenti:
866 1685 911 1737 ἐὰν
941 1687 1032 1752 ὀρθῶς
1061 1685 1205 1753 primi

189 1757 278 1820 laugt
307 1756 357 1805 sie
381 1754 520 1806 endlieh
552 1771 591 1806 au
620 1756 669 1816 ei·
719 1753 870 1821 ἡγούμενος.
912 1755 1004 1820 Neque
1025 1754 1088 1807 ferri
1113 1764 1206 1823 potest

189 1839 257 1875 nem
277 1824 523 1888 vollstiindigeu
543 1823 669 1889 Begrii-
718 1824 788 1889 quod
811 1825 986 1876 Bekkerus
1005 1830 1084 1876 antea
1103 1842 1136 1878 ex
1154 1826 1215 1878 aii-·

189 1893 219 1945 ie
242 1892 355 1943 dieser
381 1892 503 1943 sowolrl
526 1892 586 1944 den
613 1896 667 1944 dr·
718 1899 782 1957 quot
806 1893 884 1944 codd.
908 1893 1006 1959 recepit
1031 1891 1091 1952 ἑνὸς
1113 1892 1205 1945 αὐτῶν

187 1968 246 2013 ten
265 1963 315 2012 als
334 1960 667 2027 derGattungselbst
717 1960 836 2027 σώματος
854 1964 934 2027 ἐρᾶν,
951 1962 1071 2014 videlicet
1086 1967 1115 2012 ot
1130 1965 1204 2029 mpi-

188 2029 667 2096 gemeinsclraitliohenNatur
718 2031 777 2082 liret
802 2028 876 2081 huius
899 2031 1044 2082 iterationis
1066 2029 1198 2082 duritiem.

186 2099 282 2164 jener
311 2099 431 2164 ewigen
460 2098 518 2149 und
549 2113 667 2150 unver—
718 2099 785 2152 Quis
803 2100 869 2149 enim
889 2097 1201 2151 concedetilludadrola

189 2166 405 2218 anderliolren
427 2166 520 2231 ldae,
546 2167 601 2218 die
623 2168 668 2219 ei·
718 2166 810 2219 reterri
839 2167 977 2220 commode
998 2183 1079 2234 possa
1101 2167 1134 2219 ad
1164 2167 1201 2219 τὰ

188 2251 227 2287 ne
258 2236 320 2286 und
354 2236 538 2288 dieselbe
564 2236 594 2287 in
623 2237 667 2287 al·
719 2236 783 2285 scald
808 2234 931 2302 σώματα,
961 2237 996 2288 ita
1018 2242 1048 2287 ut
1069 2238 1203 2290 sententia

190 2305 338 2356 leniet.“
376 2306 464 2370 ltaque
486 2305 667 2372 Diotimapri-
719 2305 782 2357 lraee
814 2307 860 2359 sit:
890 2322 928 2358 ex
959 2305 1092 2370 pulcris
1122 2306 1203 2358 illis

111 2384 113 2393 ·
189 2388 259 2425 mum
283 2376 320 2426 ait
344 2374 493 2425 initiationis
521 2375 668 2440 illiusgra-
719 2374 941 2440 corporibus,
963 2375 999 2427 ad
1022 2388 1107 2439 quae
1125 2377 1202 2441 quis

189 2442 250 2494 dum
281 2461 356 2508 erae,
384 2459 435 2508 quo
458 2443 491 2494 ed
516 2458 595 2496 unum
621 2457 668 2494 nos
719 2444 974 2509 contemplanda
995 2443 1128 2494 iuvenis
1152 2460 1203 2496 ac-

189 2513 346 2577 applicemna
377 2526 471 2577 corpus
495 2511 669 2577 pulcritudine
719 2513 921 2576 cesserit,
954 2527 1046 2563 unum
1077 2512 1203 2566 delude

189 2579 302 2647 insigne,
329 2597 362 2632 ex
385 2596 470 2644 eoque
493 2582 614 2632 virtutem
642 2587 669 2631 et
717 2581 885 2632 amandum
925 2579 1022 2634 ease?
1074 2580 1205 2635 Nimirum

187 2649 316 2701 bonorum
363 2664 511 2700 sermonum
552 2650 666 2700 fructum
717 2664 760 2700 res
782 2650 836 2718 ipsa
862 2653 979 2716 postulat
999 2648 1100 2714 καλοῦ,
1130 2653 1204 2716 quod

184 2732 323 2783 procreare
335 2717 496 2769 studeamus.
516 2716 666 2769 Secundum
717 2717 792 2769 facile
811 2719 1038 2785 exsuperioribus
1057 2720 1204 2785 cogitatio·

185 2802 245 2838 esse
262 2786 337 2851 hunc,
356 2795 385 2837 ut
402 2802 452 2837 uon
471 2802 550 2838 unum
561 2785 665 2851 aliquod
715 2800 749 2838 ue
771 2787 916 2852 addiderim
946 2789 1090 2854 genitivum
1121 2789 1205 2855 parti-

185 2870 279 2922 corpus
314 2872 446 2918 amemus,
487 2855 534 2907 sed
571 2856 665 2920 omnia,
716 2856 806 2921 tionis,
840 2873 915 2922 quern
946 2863 1053 2920 vocant,
1092 2874 1203 2924 prorsus

184 2940 252 2990 quae
262 2927 392 2977 emineant
407 2924 587 2991 pulcritudine,
606 2940 665 2976 cor·
716 2932 881 2991 aspernatur,
906 2927 1087 2981 tantominus
1111 2925 1202 2980 feren-

183 2997 576 3061 poraamoreoompleotamur.
596 2993 665 3046 Tum
717 2994 777 3044 dum
803 2995 888 3054 illum,
919 2994 990 3061 quod
1014 2995 1136 3048 additum
1162 3002 1204 3049 est

184 3065 402 3130 progrediendum
428 3081 487 3116 ease
516 3064 548 3115 ad
571 3079 666 3115 conse-
716 3062 844 3129 σώματος.
878 3064 981 3115 Etenim
999 3064 1115 3130 scriptor
1133 3067 1201 3133 ipae,

185 3134 303 3186 ctaudam
344 3135 420 3186 animi
456 3133 664 3200 pulcritudinem,
716 3133 737 3183 si
761 3133 794 3183 ad
819 3131 851 3182 τὰ
879 3133 942 3183 καλὰ
974 3130 1082 3198 σώματα
1110 3137 1201 3200 paullo

184 3218 247 3268 prae
265 3220 317 3270 qne
335 3206 452 3270 corporis
463 3203 548 3254 forma
560 3203 664 3253 omnino
715 3209 776 3254 ante
793 3211 934 3254 memorata
953 3202 1045 3266 respici
1062 3204 1203 3269 voluisset,

184 3275 368 3326 contemnenda
385 3274 427 3336 eit,
446 3279 523 3337 atque
539 3271 566 3321 id
585 3286 664 3337 agen·
714 3274 803 3337 procul
835 3271 913 3322 dubio
944 3273 1089 3336 scripturus
1112 3272 1203 3326 suerat

184 3341 263 3404 dum,
288 3349 317 3392 ut
341 3340 411 3405 quod
428 3343 452 3391 in
471 3341 601 3406 moribus,
627 3341 666 3392 le-
714 3332 771 3397 riae
789 3337 875 3390 αὐτῶν
892 3342 962 3407 ἐρᾶν,
980 3356 1031 3391 non
1042 3340 1132 3392 αὐτῶν
1147 3345 1201 3411 (so.

186 3408 278 3472 gibus,
298 3411 420 3460 institutis
438 3412 553 3477 pulcrum
572 3411 619 3473 sit,
639 3407 665 3460 id
714 3413 764 3458 τῶν
790 3411 873 3460 καλῶν
901 3407 1047 3478 σωμάτων)
1076 3410 1200 3480 σώματος

184 3476 401 3528 animadvertatur
429 3487 508 3542 atque
536 3479 666 3544 diligatur.
714 3480 783 3546 ἐρᾶν.

185 3544 301 3608 Denique
318 3548 445 3610 perveniri
471 3547 503 3597 ad
524 3549 665 3612 sapientiae

185 3619 264 3679 atque
292 3613 468 3679 philosophiae
499 3615 613 3666 studium
637 3623 664 3667 et
720 3646 728 3667 ι
743 3650 760 3700 δ
790 3650 804 3698 3
854 3649 860 3666 ι
932 3650 946 3702 h
1040 3646 1052 3667 a

114 3712 116 3716 ·
186 3697 316 3746 amorem,
341 3697 392 3747 quo
417 3683 460 3746 qni
482 3683 579 3734 incensi
602 3683 662 3749 sint,
713 3650 1009 3784 ffia⁵ttlffg⁹385¹5⁰⁹
1035 3668 1150 3721 ⁰ffl⁰w⁹¹
1176 3671 1204 3707 V·

187 3768 234 3803 eos
252 3751 357 3802 demum
377 3751 413 3801 ail
431 3751 522 3801 intueri
541 3752 664 3816 pulcritu-
821 3759 828 3773 ·
865 3757 870 3767 '
944 3757 948 3766 '
988 3757 995 3770 ‘

184 3821 250 3872 dinis
277 3836 370 3882 verae,
402 3821 558 3883 constantis,
585 3827 663 3886 atque
748 3822 802 3872 καὶ
819 3825 844 3873 al
862 3825 911 3874 δεῖ
928 3821 1054 3875 διώκειν
1072 3825 1127 3894 -]
1155 3833 1205 3880 Ae

183 3897 306 3942 aeternae
331 3890 439 3941 divinam
459 3888 663 3954 iormamatque
713 3891 740 3941 si
770 3894 930 3957 persequi
968 3893 1014 3958 id,
1048 3895 1141 3958 quod
1174 3898 1204 3951 in

183 3959 329 4026 imaginem.
349 3958 379 4010 ci.
400 3958 464 4009 inira
482 3973 509 4023 p.
528 3957 590 4013 211.
611 3961 641 4009 0.
713 3961 826 4027 specie
852 3963 1095 4027 parmaneat,
1126 3982 1205 4020 euru

220 4031 332 4080 laram
363 4029 396 4078 di
426 4025 532 4078 adala
563 4046 662 4078 κατα·
713 4035 865 4096 oportet,
890 4047 1003 4098 magna
1027 4033 1102 4084 eius
1128 4035 1205 4089 fuu-

184 4098 318 4165 νοῆσιιι]
338 4095 458 4149 Pendeat
475 4097 539 4149 haec
558 4098 663 4150 everbo
713 4100 760 4148 rit
785 4097 966 4166 dementia,
991 4101 1017 4150 ei
1040 4102 1107 4154 sibi
1134 4120 1205 4160 non

185 4162 232 4220 dez.
266 4164 550 4221 lotudadrlvautem
573 4165 664 4221 nerui
713 4168 915 4234 persuadeat
953 4174 1207 4231 communem

749 3581 781 3631 Β.
817 3587 857 3650 τῷ
879 3579 930 3631 tal
953 3581 1049 3648 ἑτέρῳ
1068 3579 1204 3649 σώματι
