2604 4620
201 225 243 283 nn
582 216 833 282 rna'ronis
889 200 913 272 s

201 397 357 487 (μαίνεταί
390 416 442 456 σοι
474 387 664 479 osteadens
700 387 826 478 ἀνδρὸς
859 389 944 458 εἶναι
981 397 1218 460 ἐσπουδακέναι

203 499 277 582 περὶ
304 489 365 569 τὰς
391 488 512 571 ἡδονάς
537 494 742 575 καλουμένας
766 487 828 569 τάς
845 491 983 572 τοιάςδε,
1010 493 1084 561 οἷον
1105 500 1217 560 σιτίων

203 622 238 661 τε
275 594 500 676 καί·ποτῶν,·
543 589 687 658 Ἥκιστά
722 617 774 674 γε,
810 581 834 656 ὦ
869 591 1067 678 Σώκρατες,
1107 592 1216 684 ἔφηὸ

204 696 367 778 Σιμμίας.
423 696 463 758 Τί
498 695 549 773 δίς
583 687 644 768 τάς
677 695 743 757 τῶν
767 689 992 784 άφροδισίωυς
1046 693 1217 780 Οὐδαμῶς.

209 798 249 861 'lt'
276 797 332 861 δαί
341 822 349 873 ;
377 790 439 871 τὰς
463 788 568 871 ἄλλας
593 790 655 870 τὰς
682 796 755 879 περὶ
781 791 819 859 τὸ
847 797 941 882 σῶμα
963 799 1147 875 θεραπείας
1164 798 1218 860 δο-

206 907 336 962 κεῖ’σοι
359 899 510 980 ἐντίμους
543 891 704 975 ἡγεῖσθαι
729 891 747 959 ὁ
775 897 944 982 τοιοῦτος;
984 893 1056 962 οἷον
1080 899 1218 978 ἱματίων
1290 894 1294 907 ’

207 991 436 1084 διαφερόντων
464 988 593 1071 κτήσεις
624 995 680 1057 καὶ
707 989 935 1077 ὑποδημάτων
968 1000 1022 1062 καὶ
1050 991 1128 1072 τοὺς
1152 990 1218 1060 άλ-

208 1099 285 1171 λους
307 1087 560 1177 καλλωπισμοὺς
585 1087 662 1166 τοὺς
687 1094 760 1176 περὶ
786 1089 822 1157 τὸ
849 1099 943 1178 σῶμα
963 1094 1104 1180 πότερον
1122 1097 1221 1180 τιμᾶν

153 1201 179 1259 u
208 1217 262 1262 σοι
288 1197 375 1261 δοκεῖ
400 1189 419 1274 ἢ
445 1190 633 1277 ἀτιμάζειν,
660 1187 749 1255 καθ’
778 1187 860 1259 ὅσον
884 1190 930 1278 μὴ
957 1192 1063 1274 πολλὴ
1090 1193 1222 1280 ἀνάγκη

207 1301 351 1382 μετέχειν
376 1289 504 1374 adraim
552 1284 736 1375 Ἀτιμάζειν
761 1292 870 1376 ίμοιμε
899 1295 1008 1370 δοκεῖ,
1035 1295 1116 1381 ἔφη,
1144 1292 1161 1358 ὅ
1189 1319 1223 1376 με

276 1526 308 1574 l).
347 1523 385 1572 Τί
407 1522 492 1587 δαί;]
518 1521 603 1587 Vulgo
629 1521 668 1570 his
696 1522 723 1570 ιί
746 1521 787 1584 δίς
811 1521 875 1572 Cum
904 1521 1014 1573 Bellen.
1040 1538 1072 1573 ex
1097 1523 1176 1576 Colsl.
1197 1529 1224 1574 rt

210 1593 285 1644 Vind.
306 1592 412 1643 mutavi.

277 1661 393 1711 σιτίων
417 1677 449 1708 τε
474 1659 526 1708 καί
550 1657 677 1726 ποτῶν]
703 1659 780 1707 σίτων
798 1657 873 1709 Bodl.
891 1656 960 1709 Tub.
983 1658 1039 1709 vat.
1060 1659 1123 1712 Vsu.
1143 1657 1180 1710 11.
1198 1664 1226 1711 et

209 1746 250 1796 pr.
275 1730 337 1780 Par.
363 1728 397 1778 G.
434 1728 462 1778 ln
487 1727 562 1778 Bodl.
587 1727 674 1777 σιτίων
697 1727 905 1792 superscriptum.
947 1727 1088 1792 Utramque
1115 1727 1225 1779 formam

209 1800 235 1849 in
259 1798 306 1849 hac
328 1796 490 1864 oppositione
518 1797 640 1846 usitatam
665 1810 724 1846 esse
747 1796 833 1846 multis
857 1795 983 1862 exemplis
1006 1795 1039 1845 ad
1058 1795 1082 1846 h.
1101 1796 1117 1846 l.
1137 1796 1226 1847 docuit

211 1866 350 1919 Heindorf.

280 1935 420 2002 ίματίεικ
436 1931 687 2000 διαφερόντων]
710 1932 748 1997 ίμ.
769 1926 822 1981 καὶ
841 1931 916 1999 διαφ.
936 1931 1012 1986 liodl.
1030 1932 1098 1983 Tub.

214 2102 448 2166 comparationibus
463 2100 600 2162 gonrinari3
620 2117 643 2151 v.
662 2101 695 2149 ad
747 2100 842 2150 cedere
865 2098 1073 2164 ἆνεισόδηισς,τ
1104 2102 1226 2168 Sympos.

215 2170 368 2235 Apologiam
390 2169 490 2216 Sourat.
512 2183 533 2216 c.
556 2168 622 2219 Vlll.
642 2167 694 2217 init.
746 2167 854 2219 XXXV.
881 2174 907 2218 et
929 2168 1078 2232 Xenoph.
1102 2169 1182 2223 Mem.
1206 2171 1226 2223 l.

214 2253 232 2304 p
250 2236 292 2289 22.
307 2237 340 2286 D.
360 2241 387 2285 et
406 2234 566 2298 Hartung.
585 2234 619 2285 de
636 2250 695 2298 par·
746 2234 773 2296 6,
792 2233 836 2286 2.“
862 2234 1061 2288 Flscuult.
1084 2239 1227 2298 „Summus

216 2306 284 2356 ticul.
304 2305 350 2353 Gr.
368 2303 467 2367 liuguae
488 2303 516 2352 P.
535 2303 553 2354 l.
573 2319 598 2367 p.
620 2301 677 2354 125.
747 2305 772 2354 in
791 2302 885 2352 calceis
905 2318 954 2352 non
980 2304 1114 2354 mulierum
1134 2308 1227 2368 solum,

250 2406 281 2456 D.
321 2400 695 2470 Τίδίςτὰςτῶνᾶτρρο-

175 2479 182 2495 ¹
216 2472 362 2538 δισίωυ,·]
392 2477 458 2524 Alite
481 2469 528 2527 τὰς
546 2475 594 2521 τῶν
612 2470 697 2536 ἄφρο-

217 2545 303 2592 διοίσω
323 2559 354 2592 ex
374 2539 534 2607 praegressis
553 2540 695 2591 iterandum

218 2617 259 2661 est
278 2613 344 2673 περί,
365 2625 472 2674 prorsus
490 2614 518 2658 ul
536 2608 696 2672 DeRepubl.

215 2677 260 2727 lV.
291 2695 315 2743 p.
340 2676 400 2730 lau.
428 2677 475 2740 C·,
506 2691 582 2740 quem
613 2678 696 2728 locum

219 2747 379 2812 comparavit
398 2743 569 2797 Heindorf.

273 2849 414 2913 ἱματίων
470 2845 698 2914 διαφερόντων

218 2919 281 2981 un]
306 2916 446 2983 „Thurinis
469 2915 570 2980 κτήσεις
595 2917 699 2981 elegun-

218 2994 259 3037 ter
283 2987 382 3037 dictum
407 2994 446 3038 est
464 3002 511 3052 pro
535 2983 644 3051 ἱμάτιά
673 2990 699 3036 et

217 3054 308 3119 ίμάτιιι
328 3057 486 3122 διαφίρουι·ιι
511 3062 571 3105 sunt
592 3055 659 3119 puli
670 3054 699 3104 iu

217 3125 415 3189 magnilica,
446 3124 597 3176 candida.
633 3122 699 3174 Nam

219 3195 293 3254 pallia
313 3193 524 3257 philosophorum
555 3199 628 3242 erant
646 3190 700 3242 iere

219 3259 324 3307 sordida
343 3268 369 3308 et
387 3260 498 3320 detrita,
515 3275 581 3323 ‹puae
600 3262 700 3326 τρίβω-

218 3341 259 3379 νες
278 3330 304 3374 et
322 3325 447 3387 τριβώνια
467 3327 625 3376 dicebantur.
651 3327 702 3374 So-

220 3393 298 3440 cratis
324 3394 427 3456 pallium
454 3392 601 3457 Xenoph.
621 3393 702 3443 Mem.

219 3461 238 3509 1.
259 3457 290 3522 fi,
307 3459 331 3512 2-
359 3468 437 3510 vocat
457 3460 562 3524 ἱμάτιον
585 3460 699 3524 φαῦλον,

220 3535 246 3577 et
272 3530 401 3593 Apulei.
431 3528 602 3594 Metamorph.
633 3529 652 3581 l.
678 3545 702 3594 p.

221 3595 278 3649 llll.
310 3597 428 3659 Elatenh.
463 3599 604 3648 scissile
633 3600 701 3662 pal·

219 3665 385 3717 lisstrum.
413 3681 436 3718 ν.
458 3665 639 3716 Ferrarius
666 3666 699 3719 R.

220 3733 250 3786 V.
275 3734 307 3784 ll.
332 3730 362 3794 4,
387 3733 425 3785 14.
458 3732 632 3797 Ὑποδήμιιτα
654 3750 699 3785 au-

219 3809 271 3854 tem
291 3801 414 3853 Socrates
435 3802 535 3865 iaudat,
562 3803 585 3853 h.
606 3820 628 3856 e.
648 3805 700 3854 cal-

747 2370 794 2422 sed
814 2376 840 2421 el
856 2369 1026 2421 delicatorum
1040 2370 1168 2422 hominnm
1188 2376 1228 2423 lu-

747 2455 796 2490 xus
819 2437 873 2490 luit.
916 2440 960 2489 Sic
988 2439 1020 2489 ah
1052 2438 1228 2492 Athenaeo

748 2508 802 2572 (vel
821 2507 906 2573 potius
922 2506 1031 2572 Satyro)
1048 2505 1106 2560 Xll.
1126 2525 1150 2573 p.
1169 2507 1229 2562 531.

750 2576 780 2625 C.
823 2574 960 2625 Alcibiadis
991 2582 1110 2626 notantur
1138 2579 1227 2631 calcei.

748 2643 873 2706 Idemque
898 2643 923 2693 in
948 2644 998 2695 alio
1021 2645 1148 2709 vituperat
1172 2652 1227 2696 Ae·

750 2712 860 2762 liunus
883 2710 913 2763 V.
933 2711 968 2761 H.
987 2711 1031 2763 lX.
1051 2711 1091 2776 3.‚
1109 2714 1150 2762 ubi
1170 2713 1228 2764 vide

749 2785 868 2831 auctores
896 2796 911 2829 a
935 2779 1073 2830 Perizonio
1097 2781 1226 2845 laudatos,

748 2848 790 2911 qui
810 2849 888 2897 etiam
908 2848 938 2900 1..
959 2848 1002 2898 lll.
1030 2848 1069 2900 lu.
1095 2850 1229 2916 περίεργοι

751 2915 897 2966 Aristotelis
929 2915 1073 2982 philosophi
1103 2926 1230 2969 memorat

750 2982 875 3035 ὑπόδεσιν
919 2983 1007 3048 (Adde
1026 2985 1167 3038 Boockh.
1191 2988 1229 3037 De

750 3053 894 3106 Oeconom.
927 3053 1018 3106 Athen.
1049 3055 1067 3106 l.
1099 3071 1124 3118 p.
1159 3054 1229 3120 ltu)

750 3122 841 3174 Varias
870 3124 1015 3174 calceorum
1042 3124 1142 3189 species
1166 3137 1228 3175 enu-

751 3198 834 3242 merat
853 3192 972 3243 Pollux
991 3192 1044 3242 l'll.
1064 3191 1107 3245 22.
1133 3193 1230 3244 Socra·

751 3266 790 3310 tas
809 3275 872 3310 vero
890 3260 961 3324 ipse,
988 3267 1017 3312 nt
1035 3277 1068 3311 ex
1085 3261 1229 3327 Xenoph.

748 3326 830 3376 illem.
855 3328 874 3376 l.
900 3327 933 3389 6,
957 3327 981 3378 2.
1006 3335 1032 3378 et
1057 3330 1229 3394 Aristoph.

749 3392 831 3443 Nubb.
856 3408 880 3446 v.
902 3394 957 3447 103.
977 3395 1073 3458 liquet,
1098 3395 1230 3462 ἀνυπόδη-

749 3478 794 3515 ισς
814 3476 917 3526 sempor
942 3467 1011 3520 orat,
1034 3463 1103 3526 quod
1128 3471 1154 3514 et
1177 3467 1231 3516 aliis

751 3530 819 3580 ritae
846 3530 985 3581 severioris
1009 3529 1154 3582 hominibus
1176 3536 1230 3584 sol-

751 3601 836 3649 lemne
855 3597 909 3648 luit.
946 3597 986 3648 cl.
1007 3597 1180 3651 Meursius
1198 3602 1230 3652 ad

751 3665 916 3734 Lycophron.
945 3667 1081 3721 Alexandr.
1114 3684 1137 3719 v.
1172 3668 1230 3724 635.

752 3735 940 3785 casaubon.
960 3733 992 3784 nd
1011 3733 1185 3800 Theophrast.
1196 3737 1230 3793 X.

751 3819 777 3868 p.
813 3802 855 3856 97.
895 3801 1048 3857 Bochart.
1080 3805 1230 3858 llierozoio.

219 3887 296 3934 enos,
330 3870 424 3934 quihus
455 3872 601 3937 contegitur
630 3877 701 3922 totns
752 3872 784 3925 P.
802 3869 822 3921 l.
841 3869 871 3919 l..
891 3870 924 3922 ll.
938 3886 964 3936 p.
976 3869 1035 3925 599.
1055 3880 1083 3925 et
1099 3874 1230 3930 Kusler.

219 3944 265 4007 pes
283 3939 321 4005 (ν.
340 3939 527 3990 Salmasius
546 3938 700 3990 sd'l'ertull.
752 3939 784 3990 ad
809 3937 937 4003 Aristoph.
969 3938 1053 3992 Nubb.
1087 3944 1136 3994 loc.
1163 3946 1230 3998 oit.“

219 4011 283 4060 Pali.
299 4006 395 4074 pund.
409 4024 444 4058 ss.
458 4013 485 4057 et
504 4007 653 4059 Balduin.
669 4007 702 4060 de
752 4005 966 4061 FORSTER.

219 4081 282 4130 calc.
306 4077 369 4146 lh),
389 4077 702 4143 quiaipsesoiebalin·
787 4073 1063 4146 καίίωτιισμούς]
1107 4079 1230 4132 salluui-

232 4158 239 4187 r
