<?xml version="1.0" encoding="UTF-8"?>
<!DOCTYPE html PUBLIC "-//W3C//DTD XHTML 1.0 Transitional//EN"
    "http://www.w3.org/TR/xhtml1/DTD/xhtml1-transitional.dtd">
<html xmlns="http://www.w3.org/1999/xhtml" xml:lang="en" lang="en">
 <head>
  <title>
</title>
<meta http-equiv="Content-Type" content="text/html;charset=utf-8" />
  <meta name='ocr-system' content='tesseract 3.04.00' />
  <meta name='ocr-capabilities' content='ocr_page ocr_carea ocr_par ocr_line ocrx_word'/>
</head>
<body>
  <div class='ocr_page' id='page_1' title='image "./platonisoperaom00stalgoog_0383.png"; bbox 0 0 2604 4620; ppageno 0'>
   <div class='ocr_carea' id='block_1_1' title="bbox 116 178 784 275">
    <p class='ocr_par' dir='ltr' id='par_1_1' title="bbox 116 178 784 275">
     <span class='ocr_line' id='line_1_1' title="bbox 116 178 784 275; baseline -0.009 -2"><span class='ocrx_word' id='word_1_1' title='bbox 116 194 226 275; x_wconf 74' lang='lat' dir='ltr'><strong>&#39;xxva</strong></span> <span class='ocrx_word' id='word_1_2' title='bbox 508 178 784 270; x_wconf 52' lang='lat' dir='ltr'><strong>&#39;eaoancounun</strong></span> 
     </span>
    </p>
   </div>
   <div class='ocr_carea' id='block_1_2' title="bbox 56 374 1164 1308">
    <p class='ocr_par' dir='ltr' id='par_1_2' title="bbox 56 374 1164 1308">
     <span class='ocr_line' id='line_1_2' title="bbox 56 374 1164 464; baseline 0.002 -24"><span class='ocrx_word' id='word_1_3' title='bbox 56 434 60 440; x_wconf 89' lang='lat'><em>.</em></span> <span class='ocrx_word' id='word_1_4' title='bbox 135 375 278 460; x_wconf 87' lang='lat' dir='ltr'><strong>reliquas</strong></span> <span class='ocrx_word' id='word_1_5' title='bbox 303 375 464 442; x_wconf 89' lang='lat' dir='ltr'><strong>orationes</strong></span> <span class='ocrx_word' id='word_1_6' title='bbox 492 396 604 442; x_wconf 88' lang='lat' dir='ltr'><strong>omnes</strong></span> <span class='ocrx_word' id='word_1_7' title='bbox 630 374 810 441; x_wconf 80' lang='lat' dir='ltr'><strong>Alcibiadis</strong></span> <span class='ocrx_word' id='word_1_8' title='bbox 837 374 1044 457; x_wconf 73' lang='lat' dir='ltr'><strong>declamatio,</strong></span> <span class='ocrx_word' id='word_1_9' title='bbox 1076 402 1164 464; x_wconf 80' lang='lat' dir='ltr'><strong>qnae</strong></span> 
     </span>
     <span class='ocr_line' id='line_1_3' title="bbox 136 458 1161 565; baseline 0.002 -39"><span class='ocrx_word' id='word_1_10' title='bbox 136 485 237 547; x_wconf 91' lang='lat' dir='ltr'><strong>quum</strong></span> <span class='ocrx_word' id='word_1_11' title='bbox 258 461 385 538; x_wconf 87' lang='lat' dir='ltr'><strong>ordine,</strong></span> <span class='ocrx_word' id='word_1_12' title='bbox 406 482 471 544; x_wconf 92' lang='lat' dir='ltr'><strong>quo</strong></span> <span class='ocrx_word' id='word_1_13' title='bbox 492 458 731 537; x_wconf 72' lang='lat' dir='ltr'><strong>collocata‘est,</strong></span> <span class='ocrx_word' id='word_1_14' title='bbox 755 469 823 523; x_wconf 88' lang='lat' dir='ltr'><strong>tum</strong></span> <span class='ocrx_word' id='word_1_15' title='bbox 844 458 917 544; x_wconf 91' lang='lat' dir='ltr'><strong>ipso</strong></span> <span class='ocrx_word' id='word_1_16' title='bbox 938 462 1036 527; x_wconf 89' lang='lat' dir='ltr'><strong>etiam</strong></span> <span class='ocrx_word' id='word_1_17' title='bbox 1057 460 1161 565; x_wconf 59' lang='lat' dir='ltr'><strong>arigu-</strong></span> 
     </span>
     <span class='ocr_line' id='line_1_4' title="bbox 111 542 1162 631; baseline 0.005 -24"><span class='ocrx_word' id='word_1_18' title='bbox 111 557 256 623; x_wconf 82' lang='lat' dir='ltr'><strong>mente,</strong></span> <span class='ocrx_word' id='word_1_19' title='bbox 278 545 365 629; x_wconf 91' lang='lat' dir='ltr'><strong>qnod</strong></span> <span class='ocrx_word' id='word_1_20' title='bbox 386 544 536 630; x_wconf 85' lang='lat' dir='ltr'><strong>explicat,</strong></span> <span class='ocrx_word' id='word_1_21' title='bbox 557 545 697 610; x_wconf 86' lang='lat' dir='ltr'><strong>maxime</strong></span> <span class='ocrx_word' id='word_1_22' title='bbox 720 553 769 610; x_wconf 90' lang='lat' dir='ltr'><strong>est</strong></span> <span class='ocrx_word' id='word_1_23' title='bbox 789 542 940 629; x_wconf 82' lang='lat' dir='ltr'><strong>insignis.</strong></span> <span class='ocrx_word' id='word_1_24' title='bbox 962 545 1162 631; x_wconf 66' lang='lat' dir='ltr'><strong>Itaqueiam</strong></span> 
     </span>
     <span class='ocr_line' id='line_1_5' title="bbox 138 625 1161 714; baseline 0.004 -18"><span class='ocrx_word' id='word_1_25' title='bbox 138 631 307 714; x_wconf 85' lang='lat' dir='ltr'><strong>exquirere</strong></span> <span class='ocrx_word' id='word_1_26' title='bbox 328 629 426 707; x_wconf 87' lang='lat' dir='ltr'><strong>iuvat,</strong></span> <span class='ocrx_word' id='word_1_27' title='bbox 447 628 527 713; x_wconf 91' lang='lat' dir='ltr'><strong>quid</strong></span> <span class='ocrx_word' id='word_1_28' title='bbox 547 629 631 693; x_wconf 90' lang='lat' dir='ltr'><strong>inter</strong></span> <span class='ocrx_word' id='word_1_29' title='bbox 652 628 734 693; x_wconf 89' lang='lat' dir='ltr'><strong>hanc</strong></span> <span class='ocrx_word' id='word_1_30' title='bbox 755 638 851 711; x_wconf 85' lang='lat' dir='ltr'><strong>atque</strong></span> <span class='ocrx_word' id='word_1_31' title='bbox 870 625 1016 696; x_wconf 85' lang='lat' dir='ltr'><strong>Socratis</strong></span> <span class='ocrx_word' id='word_1_32' title='bbox 1037 630 1161 700; x_wconf 54' lang='lat' dir='ltr'><strong>oratioss</strong></span> 
     </span>
     <span class='ocr_line' id='line_1_6' title="bbox 137 712 1159 796; baseline 0.006 -18"><span class='ocrx_word' id='word_1_33' title='bbox 137 737 211 779; x_wconf 89' lang='lat' dir='ltr'><strong>nem</strong></span> <span class='ocrx_word' id='word_1_34' title='bbox 231 713 408 779; x_wconf 84' lang='lat' dir='ltr'><strong>intercedat</strong></span> <span class='ocrx_word' id='word_1_35' title='bbox 427 712 686 778; x_wconf 82' lang='lat' dir='ltr'><strong>necessitudinis.</strong></span> <span class='ocrx_word' id='word_1_36' title='bbox 715 712 769 778; x_wconf 91' lang='lat' dir='ltr'><strong>De</strong></span> <span class='ocrx_word' id='word_1_37' title='bbox 791 735 856 796; x_wconf 91' lang='lat' dir='ltr'><strong>qua</strong></span> <span class='ocrx_word' id='word_1_38' title='bbox 877 735 912 778; x_wconf 90' lang='lat' dir='ltr'><strong>re</strong></span> <span class='ocrx_word' id='word_1_39' title='bbox 933 714 1098 782; x_wconf 74' lang='lat' dir='ltr'><strong>nolumus</strong></span> <span class='ocrx_word' id='word_1_40' title='bbox 1106 740 1159 784; x_wconf 88' lang='lat' dir='ltr'><strong>re-</strong></span> 
     </span>
     <span class='ocr_line' id='line_1_7' title="bbox 137 796 1160 882; baseline -0.008 -19"><span class='ocrx_word' id='word_1_41' title='bbox 137 799 237 876; x_wconf 83' lang='lat' dir='ltr'><strong>ferre,</strong></span> <span class='ocrx_word' id='word_1_42' title='bbox 261 820 417 882; x_wconf 86' lang='lat' dir='ltr'><strong>quaenam</strong></span> <span class='ocrx_word' id='word_1_43' title='bbox 437 798 581 863; x_wconf 85' lang='lat' dir='ltr'><strong>virorum</strong></span> <span class='ocrx_word' id='word_1_44' title='bbox 602 796 861 862; x_wconf 86' lang='lat' dir='ltr'><strong>doctissimorum</strong></span> <span class='ocrx_word' id='word_1_45' title='bbox 891 798 1068 867; x_wconf 80' lang='lat' dir='ltr'><strong>sententias</strong></span> <span class='ocrx_word' id='word_1_46' title='bbox 1088 801 1160 869; x_wconf 58' lang='grc' dir='ltr'><strong>ἤιε.</strong></span> 
     </span>
     <span class='ocr_line' id='line_1_8' title="bbox 137 880 1158 970; baseline 0.004 -23"><span class='ocrx_word' id='word_1_47' title='bbox 137 883 212 947; x_wconf 90' lang='lat' dir='ltr'><strong>rint.</strong></span> <span class='ocrx_word' id='word_1_48' title='bbox 233 883 379 947; x_wconf 88' lang='lat' dir='ltr'><strong>Praestat</strong></span> <span class='ocrx_word' id='word_1_49' title='bbox 392 882 502 947; x_wconf 86' lang='lat' dir='ltr'><strong>vitatis</strong></span> <span class='ocrx_word' id='word_1_50' title='bbox 517 880 709 968; x_wconf 83' lang='lat' dir='ltr'><strong>ambagibus</strong></span> <span class='ocrx_word' id='word_1_51' title='bbox 732 881 840 944; x_wconf 89' lang='lat' dir='ltr'><strong>statim</strong></span> <span class='ocrx_word' id='word_1_52' title='bbox 855 902 1055 967; x_wconf 86' lang='lat' dir='ltr'><strong>expromere,</strong></span> <span class='ocrx_word' id='word_1_53' title='bbox 1080 886 1158 970; x_wconf 88' lang='lat' dir='ltr'><strong>quid</strong></span> 
     </span>
     <span class='ocr_line' id='line_1_9' title="bbox 137 964 1158 1054; baseline 0.005 -22"><span class='ocrx_word' id='word_1_54' title='bbox 137 967 276 1051; x_wconf 89' lang='lat' dir='ltr'><strong>nosipsi</strong></span> <span class='ocrx_word' id='word_1_55' title='bbox 292 966 477 1032; x_wconf 89' lang='lat' dir='ltr'><strong>sentiamus.</strong></span> <span class='ocrx_word' id='word_1_56' title='bbox 499 964 659 1030; x_wconf 90' lang='lat' dir='ltr'><strong>Putamus</strong></span> <span class='ocrx_word' id='word_1_57' title='bbox 673 973 780 1029; x_wconf 89' lang='lat' dir='ltr'><strong>autem</strong></span> <span class='ocrx_word' id='word_1_58' title='bbox 802 986 873 1029; x_wconf 88' lang='lat' dir='ltr'><strong>eam</strong></span> <span class='ocrx_word' id='word_1_59' title='bbox 894 988 966 1032; x_wconf 88' lang='lat' dir='ltr'><strong>esse</strong></span> <span class='ocrx_word' id='word_1_60' title='bbox 987 969 1158 1054; x_wconf 85' lang='lat' dir='ltr'><strong>utriusque</strong></span> 
     </span>
     <span class='ocr_line' id='line_1_10' title="bbox 139 1048 1164 1135; baseline 0.002 -18"><span class='ocrx_word' id='word_1_61' title='bbox 139 1051 293 1117; x_wconf 89' lang='lat' dir='ltr'><strong>orationis</strong></span> <span class='ocrx_word' id='word_1_62' title='bbox 322 1048 592 1126; x_wconf 84' lang='lat' dir='ltr'><strong>coniunctionem,</strong></span> <span class='ocrx_word' id='word_1_63' title='bbox 620 1059 658 1113; x_wconf 89' lang='lat' dir='ltr'><strong>ut</strong></span> <span class='ocrx_word' id='word_1_64' title='bbox 684 1049 785 1112; x_wconf 85' lang='lat' dir='ltr'><strong>altera</strong></span> <span class='ocrx_word' id='word_1_65' title='bbox 811 1048 945 1114; x_wconf 79' lang='lat' dir='ltr'><strong>alteram</strong></span> <span class='ocrx_word' id='word_1_66' title='bbox 965 1051 1164 1135; x_wconf 87' lang='lat' dir='ltr'><strong>pulcerrime·</strong></span> 
     </span>
     <span class='ocr_line' id='line_1_11' title="bbox 137 1132 1156 1217; baseline 0.004 -18"><span class='ocrx_word' id='word_1_67' title='bbox 137 1136 279 1201; x_wconf 80' lang='lat' dir='ltr'><strong>illustret</strong></span> <span class='ocrx_word' id='word_1_68' title='bbox 306 1144 339 1200; x_wconf 88' lang='lat' dir='ltr'><strong>et</strong></span> <span class='ocrx_word' id='word_1_69' title='bbox 362 1145 498 1217; x_wconf 89' lang='lat' dir='ltr'><strong>utraque</strong></span> <span class='ocrx_word' id='word_1_70' title='bbox 526 1132 568 1197; x_wconf 91' lang='lat' dir='ltr'><strong>ad</strong></span> <span class='ocrx_word' id='word_1_71' title='bbox 594 1155 692 1197; x_wconf 92' lang='lat' dir='ltr'><strong>unam</strong></span> <span class='ocrx_word' id='word_1_72' title='bbox 714 1133 912 1216; x_wconf 89' lang='lat' dir='ltr'><strong>eandemque</strong></span> <span class='ocrx_word' id='word_1_73' title='bbox 934 1157 1085 1202; x_wconf 85' lang='lat' dir='ltr'><strong>caussam</strong></span> <span class='ocrx_word' id='word_1_74' title='bbox 1106 1160 1156 1203; x_wconf 81' lang='lat' dir='ltr'><strong>re-</strong></span> 
     </span>
     <span class='ocr_line' id='line_1_12' title="bbox 138 1217 1156 1308; baseline 0.002 -24"><span class='ocrx_word' id='word_1_75' title='bbox 138 1221 269 1297; x_wconf 80' lang='lat' dir='ltr'><strong>feratur,</strong></span> <span class='ocrx_word' id='word_1_76' title='bbox 290 1219 335 1283; x_wconf 87' lang='lat' dir='ltr'><strong>ita</strong></span> <span class='ocrx_word' id='word_1_77' title='bbox 356 1218 497 1302; x_wconf 91' lang='lat' dir='ltr'><strong>quidem,</strong></span> <span class='ocrx_word' id='word_1_78' title='bbox 518 1227 556 1282; x_wconf 90' lang='lat' dir='ltr'><strong>ut</strong></span> <span class='ocrx_word' id='word_1_79' title='bbox 576 1226 770 1295; x_wconf 87' lang='lat' dir='ltr'><strong>concretum,</strong></span> <span class='ocrx_word' id='word_1_80' title='bbox 792 1217 879 1300; x_wconf 91' lang='lat' dir='ltr'><strong>quod</strong></span> <span class='ocrx_word' id='word_1_81' title='bbox 899 1217 1022 1298; x_wconf 89' lang='lat' dir='ltr'><strong>dicunt,</strong></span> <span class='ocrx_word' id='word_1_82' title='bbox 1044 1222 1156 1308; x_wconf 79' lang='lat' dir='ltr'><strong>singu·</strong></span> 
     </span>
    </p>
   </div>
   <div class='ocr_carea' id='block_1_3' title="bbox 44 1300 1156 1371">
    <p class='ocr_par' dir='ltr' id='par_1_3' title="bbox 44 1300 1156 1371">
     <span class='ocr_line' id='line_1_13' title="bbox 44 1300 1156 1371; baseline 0.004 -4"><span class='ocrx_word' id='word_1_83' title='bbox 44 1308 47 1317; x_wconf 90' lang='lat'>&#39;</span> <span class='ocrx_word' id='word_1_84' title='bbox 138 1304 198 1368; x_wconf 87' lang='lat' dir='ltr'><strong>lari</strong></span> <span class='ocrx_word' id='word_1_85' title='bbox 220 1302 355 1369; x_wconf 84' lang='lat' dir='ltr'><strong>artificio</strong></span> <span class='ocrx_word' id='word_1_86' title='bbox 381 1325 455 1367; x_wconf 87' lang='lat' dir='ltr'><strong>eum</strong></span> <span class='ocrx_word' id='word_1_87' title='bbox 483 1300 643 1367; x_wconf 87' lang='lat' dir='ltr'><strong>abstracte</strong></span> <span class='ocrx_word' id='word_1_88' title='bbox 665 1322 703 1365; x_wconf 85' lang='lat' dir='ltr'><strong>aa</strong></span> <span class='ocrx_word' id='word_1_89' title='bbox 724 1301 809 1366; x_wconf 86' lang='lat' dir='ltr'><strong>reale</strong></span> <span class='ocrx_word' id='word_1_90' title='bbox 831 1324 903 1366; x_wconf 89' lang='lat' dir='ltr'><strong>cum</strong></span> <span class='ocrx_word' id='word_1_91' title='bbox 924 1302 1023 1368; x_wconf 88' lang='lat' dir='ltr'><strong>ideali</strong></span> <span class='ocrx_word' id='word_1_92' title='bbox 1044 1327 1156 1371; x_wconf 87' lang='lat' dir='ltr'><strong>conso-</strong></span> 
     </span>
    </p>
   </div>
   <div class='ocr_carea' id='block_1_4' title="bbox 54 1383 1217 4086">
    <p class='ocr_par' dir='ltr' id='par_1_4' title="bbox 54 1383 1217 4086">
     <span class='ocr_line' id='line_1_14' title="bbox 139 1383 1155 1474; baseline 0 -21"><span class='ocrx_word' id='word_1_93' title='bbox 139 1388 251 1453; x_wconf 88' lang='lat' dir='ltr'><strong>cietur.</strong></span> <span class='ocrx_word' id='word_1_94' title='bbox 273 1387 406 1452; x_wconf 85' lang='lat' dir='ltr'><strong>Etenim</strong></span> <span class='ocrx_word' id='word_1_95' title='bbox 424 1387 511 1451; x_wconf 87' lang='lat' dir='ltr'><strong>idern</strong></span> <span class='ocrx_word' id='word_1_96' title='bbox 531 1386 585 1450; x_wconf 92' lang='lat' dir='ltr'><strong>ille</strong></span> <span class='ocrx_word' id='word_1_97' title='bbox 600 1383 761 1463; x_wconf 86' lang='lat' dir='ltr'><strong>Socrates,</strong></span> <span class='ocrx_word' id='word_1_98' title='bbox 783 1385 838 1469; x_wconf 92' lang='lat' dir='ltr'><strong>qui</strong></span> <span class='ocrx_word' id='word_1_99' title='bbox 859 1387 955 1453; x_wconf 93' lang='lat' dir='ltr'><strong>modo</strong></span> <span class='ocrx_word' id='word_1_100' title='bbox 975 1387 1101 1474; x_wconf 82' lang='lat' dir='ltr'><strong>phileae</strong></span> <span class='ocrx_word' id='word_1_101' title='bbox 1122 1388 1155 1453; x_wconf 89' lang='lat' dir='ltr'><strong>hi</strong></span> 
     </span>
     <span class='ocr_line' id='line_1_15' title="bbox 138 1470 1154 1555; baseline 0.002 -19"><span class='ocrx_word' id='word_1_102' title='bbox 138 1472 258 1537; x_wconf 91' lang='lat' dir='ltr'><strong>amoris</strong></span> <span class='ocrx_word' id='word_1_103' title='bbox 284 1472 351 1536; x_wconf 83' lang='lat' dir='ltr'><strong>vim</strong></span> <span class='ocrx_word' id='word_1_104' title='bbox 377 1480 588 1553; x_wconf 88' lang='lat' dir='ltr'><strong>naturamque</strong></span> <span class='ocrx_word' id='word_1_105' title='bbox 615 1470 758 1534; x_wconf 89' lang='lat' dir='ltr'><strong>oratione</strong></span> <span class='ocrx_word' id='word_1_106' title='bbox 784 1492 843 1534; x_wconf 88' lang='lat' dir='ltr'><strong>sua</strong></span> <span class='ocrx_word' id='word_1_107' title='bbox 869 1471 1063 1555; x_wconf 87' lang='lat' dir='ltr'><strong>pulcerrime</strong></span> <span class='ocrx_word' id='word_1_108' title='bbox 1083 1472 1092 1489; x_wconf 83' lang='lat'>‘</span> <span class='ocrx_word' id='word_1_109' title='bbox 1115 1494 1154 1537; x_wconf 86' lang='lat' dir='ltr'><strong>u-</strong></span> 
     </span>
     <span class='ocr_line' id='line_1_16' title="bbox 140 1553 1157 1640; baseline 0 -19"><span class='ocrx_word' id='word_1_110' title='bbox 140 1557 263 1633; x_wconf 82' lang='lat' dir='ltr'><strong>stravit,</strong></span> <span class='ocrx_word' id='word_1_111' title='bbox 284 1578 384 1640; x_wconf 93' lang='lat' dir='ltr'><strong>quum</strong></span> <span class='ocrx_word' id='word_1_112' title='bbox 405 1577 464 1640; x_wconf 89' lang='lat' dir='ltr'><strong>per</strong></span> <span class='ocrx_word' id='word_1_113' title='bbox 485 1564 586 1621; x_wconf 90' lang='lat' dir='ltr'><strong>totum</strong></span> <span class='ocrx_word' id='word_1_114' title='bbox 606 1553 741 1631; x_wconf 91' lang='lat' dir='ltr'><strong>librum,</strong></span> <span class='ocrx_word' id='word_1_115' title='bbox 764 1563 833 1617; x_wconf 89' lang='lat' dir='ltr'><strong>tum</strong></span> <span class='ocrx_word' id='word_1_116' title='bbox 853 1554 993 1620; x_wconf 85' lang='lat' dir='ltr'><strong>maxime</strong></span> <span class='ocrx_word' id='word_1_117' title='bbox 1014 1556 1075 1622; x_wconf 92' lang='lat' dir='ltr'><strong>hac</strong></span> <span class='ocrx_word' id='word_1_118' title='bbox 1095 1556 1157 1621; x_wconf 85' lang='lat' dir='ltr'><strong>Al-</strong></span> 
     </span>
     <span class='ocr_line' id='line_1_17' title="bbox 138 1638 1158 1725; baseline 0.002 -20"><span class='ocrx_word' id='word_1_119' title='bbox 138 1638 275 1705; x_wconf 88' lang='lat' dir='ltr'><strong>cibiadis</strong></span> <span class='ocrx_word' id='word_1_120' title='bbox 303 1639 447 1705; x_wconf 88' lang='lat' dir='ltr'><strong>oratione</strong></span> <span class='ocrx_word' id='word_1_121' title='bbox 474 1650 636 1722; x_wconf 85' lang='lat' dir='ltr'><strong>tamquam</strong></span> <span class='ocrx_word' id='word_1_122' title='bbox 662 1639 823 1725; x_wconf 85' lang='lat' dir='ltr'><strong>perfectus</strong></span> <span class='ocrx_word' id='word_1_123' title='bbox 850 1649 991 1718; x_wconf 88' lang='lat' dir='ltr'><strong>amator,</strong></span> <span class='ocrx_word' id='word_1_124' title='bbox 1021 1639 1084 1707; x_wconf 92' lang='lat' dir='ltr'><strong>hoc</strong></span> <span class='ocrx_word' id='word_1_125' title='bbox 1110 1651 1158 1707; x_wconf 89' lang='lat' dir='ltr'><strong>est</strong></span> 
     </span>
     <span class='ocr_line' id='line_1_18' title="bbox 66 1723 1156 1818; baseline -0.003 -25"><span class='ocrx_word' id='word_1_126' title='bbox 66 1784 71 1793; x_wconf 95' lang='lat'><em>.</em></span> <span class='ocrx_word' id='word_1_127' title='bbox 139 1735 304 1809; x_wconf 89' lang='lat' dir='ltr'><strong>tamquam</strong></span> <span class='ocrx_word' id='word_1_128' title='bbox 326 1724 466 1810; x_wconf 89' lang='lat' dir='ltr'><strong>sapiens,</strong></span> <span class='ocrx_word' id='word_1_129' title='bbox 497 1724 590 1789; x_wconf 87' lang='lat' dir='ltr'><strong>cuius</strong></span> <span class='ocrx_word' id='word_1_130' title='bbox 610 1745 701 1787; x_wconf 89' lang='lat' dir='ltr'><strong>mens</strong></span> <span class='ocrx_word' id='word_1_131' title='bbox 723 1733 755 1787; x_wconf 92' lang='lat' dir='ltr'><strong>et</strong></span> <span class='ocrx_word' id='word_1_132' title='bbox 775 1723 901 1818; x_wconf 79' lang='lat' dir='ltr'><strong>animqs</strong></span> <span class='ocrx_word' id='word_1_133' title='bbox 923 1724 964 1790; x_wconf 90' lang='lat' dir='ltr'><strong>ab</strong></span> <span class='ocrx_word' id='word_1_134' title='bbox 986 1725 1073 1790; x_wconf 90' lang='lat' dir='ltr'><strong>omni</strong></span> <span class='ocrx_word' id='word_1_135' title='bbox 1094 1725 1156 1790; x_wconf 89' lang='lat' dir='ltr'><strong>hu·</strong></span> 
     </span>
     <span class='ocr_line' id='line_1_19' title="bbox 138 1806 1157 1894; baseline 0.001 -22"><span class='ocrx_word' id='word_1_136' title='bbox 138 1809 206 1872; x_wconf 90' lang='lat' dir='ltr'><strong>mili</strong></span> <span class='ocrx_word' id='word_1_137' title='bbox 227 1809 404 1894; x_wconf 85' lang='lat' dir='ltr'><strong>cupiditate</strong></span> <span class='ocrx_word' id='word_1_138' title='bbox 427 1808 550 1874; x_wconf 89' lang='lat' dir='ltr'><strong>ahenus</strong></span> <span class='ocrx_word' id='word_1_139' title='bbox 572 1817 604 1872; x_wconf 90' lang='lat' dir='ltr'><strong>et</strong></span> <span class='ocrx_word' id='word_1_140' title='bbox 625 1807 666 1871; x_wconf 92' lang='lat' dir='ltr'><strong>ad</strong></span> <span class='ocrx_word' id='word_1_141' title='bbox 688 1806 816 1871; x_wconf 88' lang='lat' dir='ltr'><strong>divinae</strong></span> <span class='ocrx_word' id='word_1_142' title='bbox 839 1807 1012 1894; x_wconf 85' lang='lat' dir='ltr'><strong>sapientiae</strong></span> <span class='ocrx_word' id='word_1_143' title='bbox 1032 1830 1072 1872; x_wconf 88' lang='lat' dir='ltr'><strong>ac</strong></span> <span class='ocrx_word' id='word_1_144' title='bbox 1089 1809 1157 1874; x_wconf 84' lang='lat' dir='ltr'><strong>vir·</strong></span> 
     </span>
     <span class='ocr_line' id='line_1_20' title="bbox 139 1890 1156 1976; baseline -0.001 -20"><span class='ocrx_word' id='word_1_145' title='bbox 139 1893 218 1957; x_wconf 88' lang='lat' dir='ltr'><strong>tutis</strong></span> <span class='ocrx_word' id='word_1_146' title='bbox 239 1892 478 1958; x_wconf 85' lang='lat' dir='ltr'><strong>meditationem</strong></span> <span class='ocrx_word' id='word_1_147' title='bbox 505 1904 601 1976; x_wconf 89' lang='lat' dir='ltr'><strong>atque</strong></span> <span class='ocrx_word' id='word_1_148' title='bbox 623 1890 883 1956; x_wconf 84' lang='lat' dir='ltr'><strong>exercitationem</strong></span> <span class='ocrx_word' id='word_1_149' title='bbox 904 1912 1073 1957; x_wconf 78' lang='lat' dir='ltr'><strong>conversus</strong></span> <span class='ocrx_word' id='word_1_150' title='bbox 1094 1902 1156 1969; x_wconf 88' lang='lat' dir='ltr'><strong>est,</strong></span> 
     </span>
     <span class='ocr_line' id='line_1_21' title="bbox 56 1972 1154 2062; baseline -0.002 -20"><span class='ocrx_word' id='word_1_151' title='bbox 56 2052 59 2057; x_wconf 27' lang='lat'>¹</span> <span class='ocrx_word' id='word_1_152' title='bbox 139 1976 377 2062; x_wconf 83' lang='lat' dir='ltr'><strong>elegantissime</strong></span> <span class='ocrx_word' id='word_1_153' title='bbox 392 1976 596 2053; x_wconf 87' lang='lat' dir='ltr'><strong>describitur,</strong></span> <span class='ocrx_word' id='word_1_154' title='bbox 618 1986 654 2039; x_wconf 90' lang='lat' dir='ltr'><strong>ut</strong></span> <span class='ocrx_word' id='word_1_155' title='bbox 667 1975 748 2039; x_wconf 91' lang='lat' dir='ltr'><strong>illud</strong></span> <span class='ocrx_word' id='word_1_156' title='bbox 760 1975 879 2060; x_wconf 90' lang='lat' dir='ltr'><strong>ipsum,</strong></span> <span class='ocrx_word' id='word_1_157' title='bbox 894 1972 1154 2060; x_wconf 86' lang='lat' dir='ltr'><strong>quod-Diotimae</strong></span> 
     </span>
     <span class='ocr_line' id='line_1_22' title="bbox 140 2059 1157 2146; baseline 0 -21"><span class='ocrx_word' id='word_1_158' title='bbox 140 2061 283 2125; x_wconf 89' lang='lat' dir='ltr'><strong>oratione</strong></span> <span class='ocrx_word' id='word_1_159' title='bbox 305 2061 495 2146; x_wconf 86' lang='lat' dir='ltr'><strong>explicatur,</strong></span> <span class='ocrx_word' id='word_1_160' title='bbox 516 2060 621 2145; x_wconf 88' lang='lat' dir='ltr'><strong>ipsius</strong></span> <span class='ocrx_word' id='word_1_161' title='bbox 643 2059 791 2145; x_wconf 86' lang='lat' dir='ltr'><strong>exemplo</strong></span> <span class='ocrx_word' id='word_1_162' title='bbox 812 2070 845 2125; x_wconf 89' lang='lat' dir='ltr'><strong>ct</strong></span> <span class='ocrx_word' id='word_1_163' title='bbox 865 2060 877 2123; x_wconf 92' lang='lat' dir='ltr'><strong>i</strong></span> <span class='ocrx_word' id='word_1_164' title='bbox 953 2060 962 2075; x_wconf 84' lang='lat'>&#39;</span> <span class='ocrx_word' id='word_1_165' title='bbox 1026 2080 1157 2145; x_wconf 86' lang='lat' dir='ltr'><strong>expres·</strong></span> 
     </span>
     <span class='ocr_line' id='line_1_23' title="bbox 142 2143 1159 2229; baseline 0.002 -21"><span class='ocrx_word' id='word_1_166' title='bbox 142 2166 213 2208; x_wconf 90' lang='lat' dir='ltr'><strong>snm</strong></span> <span class='ocrx_word' id='word_1_167' title='bbox 234 2156 391 2209; x_wconf 90' lang='lat' dir='ltr'><strong>cernatur.</strong></span> <span class='ocrx_word' id='word_1_168' title='bbox 419 2143 496 2225; x_wconf 85' lang='lat' dir='ltr'><strong>Qua</strong></span> <span class='ocrx_word' id='word_1_169' title='bbox 515 2144 646 2229; x_wconf 90' lang='lat' dir='ltr'><strong>quidem</strong></span> <span class='ocrx_word' id='word_1_170' title='bbox 667 2144 702 2208; x_wconf 93' lang='lat' dir='ltr'><strong>in</strong></span> <span class='ocrx_word' id='word_1_171' title='bbox 723 2165 759 2208; x_wconf 90' lang='lat' dir='ltr'><strong>re</strong></span> <span class='ocrx_word' id='word_1_172' title='bbox 781 2143 925 2210; x_wconf 87' lang='lat' dir='ltr'><strong>admirab</strong></span> <span class='ocrx_word' id='word_1_173' title='bbox 951 2144 979 2209; x_wconf 85' lang='lat' dir='ltr'><strong>&#39;s</strong></span> <span class='ocrx_word' id='word_1_174' title='bbox 999 2144 1159 2229; x_wconf 86' lang='lat' dir='ltr'><strong>quaedam</strong></span> 
     </span>
     <span class='ocr_line' id='line_1_24' title="bbox 140 2228 1160 2314; baseline 0.005 -23"><span class='ocrx_word' id='word_1_175' title='bbox 140 2228 285 2292; x_wconf 87' lang='lat' dir='ltr'><strong>Platonis</strong></span> <span class='ocrx_word' id='word_1_176' title='bbox 318 2250 371 2292; x_wconf 90' lang='lat' dir='ltr'><strong>ars</strong></span> <span class='ocrx_word' id='word_1_177' title='bbox 403 2238 499 2312; x_wconf 89' lang='lat' dir='ltr'><strong>atque</strong></span> <span class='ocrx_word' id='word_1_178' title='bbox 527 2228 668 2294; x_wconf 86' lang='lat' dir='ltr'><strong>sollertia</strong></span> <span class='ocrx_word' id='word_1_179' title='bbox 696 2228 815 2306; x_wconf 87' lang='lat' dir='ltr'><strong>elucet,</strong></span> <span class='ocrx_word' id='word_1_180' title='bbox 847 2229 913 2314; x_wconf 91' lang='lat' dir='ltr'><strong>qui,</strong></span> <span class='ocrx_word' id='word_1_181' title='bbox 946 2229 1025 2293; x_wconf 88' lang='lat' dir='ltr'><strong>dum</strong></span> <span class='ocrx_word' id='word_1_182' title='bbox 1058 2229 1160 2296; x_wconf 82' lang='lat' dir='ltr'><strong>divini</strong></span> 
     </span>
     <span class='ocr_line' id='line_1_25' title="bbox 139 2312 1217 2400; baseline 0.005 -25"><span class='ocrx_word' id='word_1_183' title='bbox 139 2312 259 2379; x_wconf 84' lang='lat' dir='ltr'><strong>amoris</strong></span> <span class='ocrx_word' id='word_1_184' title='bbox 280 2322 427 2378; x_wconf 89' lang='lat' dir='ltr'><strong>naturam</strong></span> <span class='ocrx_word' id='word_1_185' title='bbox 453 2313 606 2398; x_wconf 76' lang='lat' dir='ltr'><strong>patefacit</strong></span> <span class='ocrx_word' id='word_1_186' title='bbox 630 2322 663 2377; x_wconf 87' lang='lat' dir='ltr'><strong>et</strong></span> <span class='ocrx_word' id='word_1_187' title='bbox 684 2312 754 2377; x_wconf 90' lang='lat' dir='ltr'><strong>eius</strong></span> <span class='ocrx_word' id='word_1_188' title='bbox 775 2312 976 2400; x_wconf 84' lang='lat' dir='ltr'><strong>disciplinam</strong></span> <span class='ocrx_word' id='word_1_189' title='bbox 996 2315 1161 2397; x_wconf 85' lang='lat' dir='ltr'><strong>quandam</strong></span> <span class='ocrx_word' id='word_1_190' title='bbox 1212 2328 1217 2351; x_wconf 86' lang='lat'><em>¹</em></span> 
     </span>
     <span class='ocr_line' id='line_1_26' title="bbox 141 2397 1159 2486; baseline 0.004 -26"><span class='ocrx_word' id='word_1_191' title='bbox 141 2397 253 2475; x_wconf 85' lang='lat' dir='ltr'><strong>tradit,</strong></span> <span class='ocrx_word' id='word_1_192' title='bbox 282 2397 393 2463; x_wconf 92' lang='lat' dir='ltr'><strong>eadem</strong></span> <span class='ocrx_word' id='word_1_193' title='bbox 420 2420 517 2484; x_wconf 90' lang='lat' dir='ltr'><strong>opera</strong></span> <span class='ocrx_word' id='word_1_194' title='bbox 543 2397 690 2486; x_wconf 87' lang='lat' dir='ltr'><strong>magistri</strong></span> <span class='ocrx_word' id='word_1_195' title='bbox 712 2397 865 2463; x_wconf 88' lang='lat' dir='ltr'><strong>virtutem</strong></span> <span class='ocrx_word' id='word_1_196' title='bbox 886 2408 982 2482; x_wconf 85' lang='lat' dir='ltr'><strong>atque</strong></span> <span class='ocrx_word' id='word_1_197' title='bbox 1005 2398 1159 2465; x_wconf 88' lang='lat' dir='ltr'><strong>sanctita-</strong></span> 
     </span>
     <span class='ocr_line' id='line_1_27' title="bbox 141 2481 1161 2549; baseline 0.004 -5"><span class='ocrx_word' id='word_1_198' title='bbox 141 2491 205 2545; x_wconf 91' lang='lat' dir='ltr'><strong>tem</strong></span> <span class='ocrx_word' id='word_1_199' title='bbox 227 2481 270 2546; x_wconf 90' lang='lat' dir='ltr'><strong>ad</strong></span> <span class='ocrx_word' id='word_1_200' title='bbox 315 2483 488 2548; x_wconf 88' lang='lat' dir='ltr'><strong>osteritatis</strong></span> <span class='ocrx_word' id='word_1_201' title='bbox 516 2482 702 2547; x_wconf 86' lang='lat' dir='ltr'><strong>memoriam</strong></span> <span class='ocrx_word' id='word_1_202' title='bbox 730 2483 937 2547; x_wconf 84' lang='lat' dir='ltr'><strong>consecravit.</strong></span> <span class='ocrx_word' id='word_1_203' title='bbox 972 2481 1040 2549; x_wconf 87' lang='lat' dir='ltr'><strong>Sed</strong></span> <span class='ocrx_word' id='word_1_204' title='bbox 1065 2483 1161 2548; x_wconf 91' lang='lat' dir='ltr'><strong>nimi·</strong></span> 
     </span>
     <span class='ocr_line' id='line_1_28' title="bbox 140 2506 1161 2665; baseline 0.005 -37"><span class='ocrx_word' id='word_1_205' title='bbox 140 2588 212 2629; x_wconf 90' lang='lat' dir='ltr'><strong>rum</strong></span> <span class='ocrx_word' id='word_1_206' title='bbox 238 2506 448 2665; x_wconf 84' lang='lat' dir='ltr'><strong>philosophus</strong></span> <span class='ocrx_word' id='word_1_207' title='bbox 475 2567 510 2631; x_wconf 93' lang='lat' dir='ltr'><strong>in</strong></span> <span class='ocrx_word' id='word_1_208' title='bbox 537 2565 685 2632; x_wconf 89' lang='lat' dir='ltr'><strong>omnibus</strong></span> <span class='ocrx_word' id='word_1_209' title='bbox 707 2566 777 2631; x_wconf 86' lang='lat' dir='ltr'><strong>fere</strong></span> <span class='ocrx_word' id='word_1_210' title='bbox 798 2566 889 2632; x_wconf 90' lang='lat' dir='ltr'><strong>libris</strong></span> <span class='ocrx_word' id='word_1_211' title='bbox 911 2566 979 2632; x_wconf 90' lang='lat' dir='ltr'><strong>suis</strong></span> <span class='ocrx_word' id='word_1_212' title='bbox 999 2567 1066 2641; x_wconf 86' lang='lat' dir='ltr'><strong>hoc</strong></span> <span class='ocrx_word' id='word_1_213' title='bbox 1085 2590 1161 2633; x_wconf 87' lang='lat' dir='ltr'><strong>sane</strong></span> 
     </span>
     <span class='ocr_line' id='line_1_29' title="bbox 140 2651 1160 2738; baseline 0.007 -27"><span class='ocrx_word' id='word_1_214' title='bbox 140 2670 220 2712; x_wconf 88' lang='lat' dir='ltr'><strong>usus</strong></span> <span class='ocrx_word' id='word_1_215' title='bbox 242 2659 292 2713; x_wconf 91' lang='lat' dir='ltr'><strong>est</strong></span> <span class='ocrx_word' id='word_1_216' title='bbox 312 2651 457 2729; x_wconf 82' lang='lat' dir='ltr'><strong>artriicio,</strong></span> <span class='ocrx_word' id='word_1_217' title='bbox 480 2660 518 2715; x_wconf 89' lang='lat' dir='ltr'><strong>ut</strong></span> <span class='ocrx_word' id='word_1_218' title='bbox 539 2659 801 2738; x_wconf 82' lang='lat' dir='ltr'><strong>argumentorum</strong></span> <span class='ocrx_word' id='word_1_219' title='bbox 823 2666 864 2716; x_wconf 82' lang='lat' dir='ltr'><strong>ex</strong></span> <span class='ocrx_word' id='word_1_220' title='bbox 884 2651 1087 2738; x_wconf 89' lang='lat' dir='ltr'><strong>philosophia</strong></span> <span class='ocrx_word' id='word_1_221' title='bbox 1104 2653 1160 2718; x_wconf 87' lang='lat' dir='ltr'><strong>de-</strong></span> 
     </span>
     <span class='ocr_line' id='line_1_30' title="bbox 141 2735 1162 2820; baseline 0.011 -25"><span class='ocrx_word' id='word_1_222' title='bbox 141 2742 340 2817; x_wconf 90' lang='lat' dir='ltr'><strong>promtorum</strong></span> <span class='ocrx_word' id='word_1_223' title='bbox 362 2735 607 2818; x_wconf 84' lang='lat' dir='ltr'><strong>explicationem</strong></span> <span class='ocrx_word' id='word_1_224' title='bbox 630 2735 829 2820; x_wconf 84' lang='lat' dir='ltr'><strong>copulaverit</strong></span> <span class='ocrx_word' id='word_1_225' title='bbox 841 2757 916 2801; x_wconf 88' lang='lat' dir='ltr'><strong>cum</strong></span> <span class='ocrx_word' id='word_1_226' title='bbox 929 2757 1041 2800; x_wconf 90' lang='lat' dir='ltr'><strong>earum</strong></span> <span class='ocrx_word' id='word_1_227' title='bbox 1054 2758 1162 2806; x_wconf 82' lang='lat' dir='ltr'><strong>rerum</strong></span> 
     </span>
     <span class='ocr_line' id='line_1_31' title="bbox 142 2816 1162 2905; baseline 0.004 -26"><span class='ocrx_word' id='word_1_228' title='bbox 142 2816 347 2895; x_wconf 86' lang='lat' dir='ltr'><strong>tractatione,</strong></span> <span class='ocrx_word' id='word_1_229' title='bbox 384 2838 466 2902; x_wconf 86' lang='lat' dir='ltr'><strong>quae</strong></span> <span class='ocrx_word' id='word_1_230' title='bbox 497 2820 539 2883; x_wconf 92' lang='lat' dir='ltr'><strong>ad</strong></span> <span class='ocrx_word' id='word_1_231' title='bbox 564 2820 670 2905; x_wconf 87' lang='lat' dir='ltr'><strong>ipsius</strong></span> <span class='ocrx_word' id='word_1_232' title='bbox 697 2820 848 2903; x_wconf 86' lang='lat' dir='ltr'><strong>aequales</strong></span> <span class='ocrx_word' id='word_1_233' title='bbox 880 2820 916 2883; x_wconf 92' lang='lat' dir='ltr'><strong>in</strong></span> <span class='ocrx_word' id='word_1_234' title='bbox 939 2821 1093 2905; x_wconf 89' lang='lat' dir='ltr'><strong>rimisque</strong></span> <span class='ocrx_word' id='word_1_235' title='bbox 1119 2819 1162 2885; x_wconf 86' lang='lat' dir='ltr'><strong>ad</strong></span> 
     </span>
     <span class='ocr_line' id='line_1_32' title="bbox 143 2843 1163 2988; baseline 0.002 -22"><span class='ocrx_word' id='word_1_236' title='bbox 143 2898 313 2966; x_wconf 85' lang='lat' dir='ltr'><strong>Socratem</strong></span> <span class='ocrx_word' id='word_1_237' title='bbox 349 2903 562 2987; x_wconf 89' lang='lat' dir='ltr'><strong>pertinerent,</strong></span> <span class='ocrx_word' id='word_1_238' title='bbox 600 2904 662 2969; x_wconf 93' lang='lat' dir='ltr'><strong>hoc</strong></span> <span class='ocrx_word' id='word_1_239' title='bbox 695 2903 825 2988; x_wconf 89' lang='lat' dir='ltr'><strong>quidem</strong></span> <span class='ocrx_word' id='word_1_240' title='bbox 854 2843 1093 2984; x_wconf 71' lang='lat' dir='ltr'><strong>moderamine,</strong></span> <span class='ocrx_word' id='word_1_241' title='bbox 1124 2913 1163 2969; x_wconf 90' lang='lat' dir='ltr'><strong>nt</strong></span> 
     </span>
     <span class='ocr_line' id='line_1_33' title="bbox 142 2986 1162 3074; baseline 0.002 -25"><span class='ocrx_word' id='word_1_242' title='bbox 142 2986 309 3070; x_wconf 88' lang='lat' dir='ltr'><strong>utriusque</strong></span> <span class='ocrx_word' id='word_1_243' title='bbox 342 2987 389 3051; x_wconf 91' lang='lat' dir='ltr'><strong>rei</strong></span> <span class='ocrx_word' id='word_1_244' title='bbox 421 2987 578 3074; x_wconf 87' lang='lat' dir='ltr'><strong>expositio</strong></span> <span class='ocrx_word' id='word_1_245' title='bbox 611 2988 750 3052; x_wconf 90' lang='lat' dir='ltr'><strong>eundem</strong></span> <span class='ocrx_word' id='word_1_246' title='bbox 781 2987 899 3052; x_wconf 87' lang='lat' dir='ltr'><strong>habeat</strong></span> <span class='ocrx_word' id='word_1_247' title='bbox 928 2989 1027 3054; x_wconf 85' lang='lat' dir='ltr'><strong>finem</strong></span> <span class='ocrx_word' id='word_1_248' title='bbox 1059 2999 1093 3054; x_wconf 92' lang='lat' dir='ltr'><strong>et</strong></span> <span class='ocrx_word' id='word_1_249' title='bbox 1119 2987 1162 3053; x_wconf 89' lang='lat' dir='ltr'><strong>ad</strong></span> 
     </span>
     <span class='ocr_line' id='line_1_34' title="bbox 141 3069 1210 3156; baseline 0.004 -24"><span class='ocrx_word' id='word_1_250' title='bbox 141 3069 227 3135; x_wconf 89' lang='lat' dir='ltr'><strong>idem</strong></span> <span class='ocrx_word' id='word_1_251' title='bbox 248 3072 450 3156; x_wconf 85' lang='lat' dir='ltr'><strong>propositum</strong></span> <span class='ocrx_word' id='word_1_252' title='bbox 464 3073 583 3138; x_wconf 89' lang='lat' dir='ltr'><strong>redeat.</strong></span> <span class='ocrx_word' id='word_1_253' title='bbox 607 3071 705 3153; x_wconf 81' lang='lat' dir='ltr'><strong>Quod</strong></span> <span class='ocrx_word' id='word_1_254' title='bbox 719 3094 853 3156; x_wconf 89' lang='lat' dir='ltr'><strong>prorsus</strong></span> <span class='ocrx_word' id='word_1_255' title='bbox 872 3073 917 3137; x_wconf 87' lang='lat' dir='ltr'><strong>ita</strong></span> <span class='ocrx_word' id='word_1_256' title='bbox 929 3073 1051 3138; x_wconf 85' lang='lat' dir='ltr'><strong>factum</strong></span> <span class='ocrx_word' id='word_1_257' title='bbox 1066 3073 1162 3138; x_wconf 89' lang='lat' dir='ltr'><strong>etiam</strong></span> <span class='ocrx_word' id='word_1_258' title='bbox 1207 3104 1210 3108; x_wconf 91' lang='lat'>·</span> 
     </span>
     <span class='ocr_line' id='line_1_35' title="bbox 54 3151 1162 3242; baseline 0.005 -27"><span class='ocrx_word' id='word_1_259' title='bbox 54 3166 68 3175; x_wconf 87' lang='grc'><strong>““</strong></span> <span class='ocrx_word' id='word_1_260' title='bbox 143 3153 177 3216; x_wconf 91' lang='lat' dir='ltr'><strong>in</strong></span> <span class='ocrx_word' id='word_1_261' title='bbox 193 3151 367 3239; x_wconf 88' lang='lat' dir='ltr'><strong>Symposio</strong></span> <span class='ocrx_word' id='word_1_262' title='bbox 383 3166 443 3233; x_wconf 91' lang='lat' dir='ltr'><strong>est,</strong></span> <span class='ocrx_word' id='word_1_263' title='bbox 465 3157 499 3221; x_wconf 93' lang='lat' dir='ltr'><strong>in</strong></span> <span class='ocrx_word' id='word_1_264' title='bbox 522 3178 585 3241; x_wconf 93' lang='lat' dir='ltr'><strong>quo</strong></span> <span class='ocrx_word' id='word_1_265' title='bbox 608 3171 640 3221; x_wconf 89' lang='lat' dir='ltr'><strong>et</strong></span> <span class='ocrx_word' id='word_1_266' title='bbox 662 3178 751 3220; x_wconf 88' lang='lat' dir='ltr'><strong>amor</strong></span> <span class='ocrx_word' id='word_1_267' title='bbox 773 3155 954 3242; x_wconf 88' lang='lat' dir='ltr'><strong>philosophi</strong></span> <span class='ocrx_word' id='word_1_268' title='bbox 968 3156 1162 3222; x_wconf 89' lang='lat' dir='ltr'><strong>describitur</strong></span> 
     </span>
     <span class='ocr_line' id='line_1_36' title="bbox 142 3235 1160 3333; baseline 0.003 -33"><span class='ocrx_word' id='word_1_269' title='bbox 142 3246 175 3300; x_wconf 89' lang='lat' dir='ltr'><strong>et</strong></span> <span class='ocrx_word' id='word_1_270' title='bbox 196 3235 341 3302; x_wconf 90' lang='lat' dir='ltr'><strong>Socratis</strong></span> <span class='ocrx_word' id='word_1_271' title='bbox 363 3251 525 3324; x_wconf 89' lang='lat' dir='ltr'><strong>tamquam</strong></span> <span class='ocrx_word' id='word_1_272' title='bbox 546 3240 728 3326; x_wconf 90' lang='lat' dir='ltr'><strong>philosophi</strong></span> <span class='ocrx_word' id='word_1_273' title='bbox 745 3241 897 3305; x_wconf 89' lang='lat' dir='ltr'><strong>amatoris</strong></span> <span class='ocrx_word' id='word_1_274' title='bbox 918 3239 1160 3333; x_wconf 36' lang='lat' dir='ltr'><strong>virtus-,pobili-</strong></span> 
     </span>
     <span class='ocr_line' id='line_1_37' title="bbox 143 3322 1160 3406; baseline 0.005 -25"><span class='ocrx_word' id='word_1_275' title='bbox 143 3328 245 3397; x_wconf 89' lang='lat' dir='ltr'><strong>tatur,</strong></span> <span class='ocrx_word' id='word_1_276' title='bbox 279 3322 446 3406; x_wconf 89' lang='lat' dir='ltr'><strong>utriusque</strong></span> <span class='ocrx_word' id='word_1_277' title='bbox 479 3334 586 3389; x_wconf 89' lang='lat' dir='ltr'><strong>autem</strong></span> <span class='ocrx_word' id='word_1_278' title='bbox 617 3325 770 3390; x_wconf 88' lang='lat' dir='ltr'><strong>materiae</strong></span> <span class='ocrx_word' id='word_1_279' title='bbox 804 3326 951 3390; x_wconf 88' lang='lat' dir='ltr'><strong>tractatio</strong></span> <span class='ocrx_word' id='word_1_280' title='bbox 980 3336 1044 3390; x_wconf 89' lang='lat' dir='ltr'><strong>tam</strong></span> <span class='ocrx_word' id='word_1_281' title='bbox 1072 3334 1160 3388; x_wconf 88' lang='lat' dir='ltr'><strong>arcto</strong></span> 
     </span>
     <span class='ocr_line' id='line_1_38' title="bbox 142 3403 1162 3496; baseline 0.003 -29"><span class='ocrx_word' id='word_1_282' title='bbox 142 3403 271 3467; x_wconf 84' lang='lat' dir='ltr'><strong>vinculo</strong></span> <span class='ocrx_word' id='word_1_283' title='bbox 302 3406 454 3491; x_wconf 84' lang='lat' dir='ltr'><strong>colligata</strong></span> <span class='ocrx_word' id='word_1_284' title='bbox 481 3419 552 3484; x_wconf 85' lang='lat' dir='ltr'><strong>est,</strong></span> <span class='ocrx_word' id='word_1_285' title='bbox 584 3421 621 3473; x_wconf 92' lang='lat' dir='ltr'><strong>ut</strong></span> <span class='ocrx_word' id='word_1_286' title='bbox 646 3419 721 3475; x_wconf 88' lang='lat' dir='ltr'><strong>utra</strong></span> <span class='ocrx_word' id='word_1_287' title='bbox 747 3409 788 3474; x_wconf 90' lang='lat' dir='ltr'><strong>sit</strong></span> <span class='ocrx_word' id='word_1_288' title='bbox 841 3409 922 3475; x_wconf 90' lang='lat' dir='ltr'><strong>otior</strong></span> <span class='ocrx_word' id='word_1_289' title='bbox 948 3408 1113 3496; x_wconf 85' lang='lat' dir='ltr'><strong>magisque</strong></span> <span class='ocrx_word' id='word_1_290' title='bbox 1141 3428 1162 3470; x_wconf 92' lang='lat' dir='ltr'><strong>a</strong></span> 
     </span>
     <span class='ocr_line' id='line_1_39' title="bbox 141 3432 1162 3579; baseline 0.007 -31"><span class='ocrx_word' id='word_1_291' title='bbox 141 3485 277 3550; x_wconf 87' lang='lat' dir='ltr'><strong>Platone</strong></span> <span class='ocrx_word' id='word_1_292' title='bbox 298 3500 493 3573; x_wconf 82' lang='lat' dir='ltr'><strong>respectam,</strong></span> <span class='ocrx_word' id='word_1_293' title='bbox 521 3492 615 3557; x_wconf 80' lang='lat' dir='ltr'><strong>facile</strong></span> <span class='ocrx_word' id='word_1_294' title='bbox 641 3494 749 3578; x_wconf 87' lang='lat' dir='ltr'><strong>possis</strong></span> <span class='ocrx_word' id='word_1_295' title='bbox 771 3432 920 3559; x_wconf 69' lang='lat' dir='ltr'><strong>dubitare</strong></span> <span class='ocrx_word' id='word_1_296' title='bbox 941 3505 1037 3579; x_wconf 90' lang='lat' dir='ltr'><strong>atque</strong></span> <span class='ocrx_word' id='word_1_297' title='bbox 1058 3490 1162 3558; x_wconf 88' lang='lat' dir='ltr'><strong>ambi·</strong></span> 
     </span>
     <span class='ocr_line' id='line_1_40' title="bbox 141 3570 1163 3664; baseline 0.006 -30"><span class='ocrx_word' id='word_1_298' title='bbox 141 3592 229 3656; x_wconf 87' lang='lat' dir='ltr'><strong>gere.</strong></span> <span class='ocrx_word' id='word_1_299' title='bbox 262 3570 324 3635; x_wconf 84' lang='lat' dir='ltr'><strong>Est</strong></span> <span class='ocrx_word' id='word_1_300' title='bbox 350 3585 457 3638; x_wconf 89' lang='lat' dir='ltr'><strong>autem</strong></span> <span class='ocrx_word' id='word_1_301' title='bbox 484 3597 600 3660; x_wconf 89' lang='lat' dir='ltr'><strong>operae</strong></span> <span class='ocrx_word' id='word_1_302' title='bbox 626 3578 766 3664; x_wconf 89' lang='lat' dir='ltr'><strong>pretium</strong></span> <span class='ocrx_word' id='word_1_303' title='bbox 788 3579 917 3656; x_wconf 83' lang='lat' dir='ltr'><strong>videre,</strong></span> <span class='ocrx_word' id='word_1_304' title='bbox 947 3589 1069 3663; x_wconf 86' lang='lat' dir='ltr'><strong>quanta</strong></span> <span class='ocrx_word' id='word_1_305' title='bbox 1090 3598 1163 3647; x_wconf 79' lang='lat' dir='ltr'><strong>oum</strong></span> 
     </span>
     <span class='ocr_line' id='line_1_41' title="bbox 143 3654 1163 3761; baseline 0.005 -41"><span class='ocrx_word' id='word_1_306' title='bbox 143 3654 302 3739; x_wconf 88' lang='lat' dir='ltr'><strong>sapientia</strong></span> <span class='ocrx_word' id='word_1_307' title='bbox 323 3656 534 3742; x_wconf 90' lang='lat' dir='ltr'><strong>philosophus</strong></span> <span class='ocrx_word' id='word_1_308' title='bbox 559 3660 643 3726; x_wconf 88' lang='lat' dir='ltr'><strong>hanc</strong></span> <span class='ocrx_word' id='word_1_309' title='bbox 669 3661 851 3761; x_wconf 89' lang='lat' dir='ltr'><strong>philosophi</strong></span> <span class='ocrx_word' id='word_1_310' title='bbox 872 3660 1163 3751; x_wconf 69' lang='lat' dir='ltr'><strong>amatorisimagi·</strong></span> 
     </span>
     <span class='ocr_line' id='line_1_42' title="bbox 143 3740 1165 3831; baseline 0.006 -28"><span class='ocrx_word' id='word_1_311' title='bbox 143 3761 216 3805; x_wconf 89' lang='lat' dir='ltr'><strong>nem</strong></span> <span class='ocrx_word' id='word_1_312' title='bbox 236 3740 478 3807; x_wconf 88' lang='lat' dir='ltr'><strong>adumbraverit</strong></span> <span class='ocrx_word' id='word_1_313' title='bbox 486 3792 496 3822; x_wconf 94' lang='lat'><strong>,</strong></span> <span class='ocrx_word' id='word_1_314' title='bbox 517 3745 605 3829; x_wconf 91' lang='lat' dir='ltr'><strong>quod</strong></span> <span class='ocrx_word' id='word_1_315' title='bbox 627 3746 757 3828; x_wconf 88' lang='lat' dir='ltr'><strong>qurdem</strong></span> <span class='ocrx_word' id='word_1_316' title='bbox 771 3769 904 3831; x_wconf 90' lang='lat' dir='ltr'><strong>prorsus</strong></span> <span class='ocrx_word' id='word_1_317' title='bbox 919 3748 961 3812; x_wconf 88' lang='lat' dir='ltr'><strong>ad</strong></span> <span class='ocrx_word' id='word_1_318' title='bbox 975 3747 1082 3831; x_wconf 88' lang='lat' dir='ltr'><strong>ipsam</strong></span> <span class='ocrx_word' id='word_1_319' title='bbox 1096 3767 1165 3810; x_wconf 89' lang='lat' dir='ltr'><strong>rem</strong></span> 
     </span>
     <span class='ocr_line' id='line_1_43' title="bbox 143 3827 1120 3895; baseline 0.01 -8"><span class='ocrx_word' id='word_1_320' title='bbox 143 3827 383 3891; x_wconf 86' lang='lat' dir='ltr'><strong>accommodate</strong></span> <span class='ocrx_word' id='word_1_321' title='bbox 405 3827 520 3894; x_wconf 84' lang='lat' dir='ltr'><strong>fecisse</strong></span> <span class='ocrx_word' id='word_1_322' title='bbox 542 3830 782 3895; x_wconf 84' lang='lat' dir='ltr'><strong>existimandus·</strong></span> <span class='ocrx_word' id='word_1_323' title='bbox 797 3841 855 3895; x_wconf 89' lang='lat' dir='ltr'><strong>est.</strong></span> <span class='ocrx_word' id='word_1_324' title='bbox 1116 3884 1120 3891; x_wconf 88' lang='lat'><em>.</em></span> 
     </span>
     <span class='ocr_line' id='line_1_44' title="bbox 185 3908 1166 3996; baseline 0.006 -25"><span class='ocrx_word' id='word_1_325' title='bbox 185 3908 314 3975; x_wconf 87' lang='lat' dir='ltr'><strong>Etenim</strong></span> <span class='ocrx_word' id='word_1_326' title='bbox 336 3912 501 3996; x_wconf 85' lang='lat' dir='ltr'><strong>perfectus</strong></span> <span class='ocrx_word' id='word_1_327' title='bbox 521 3924 645 3980; x_wconf 89' lang='lat' dir='ltr'><strong>amator</strong></span> <span class='ocrx_word' id='word_1_328' title='bbox 665 3913 726 3979; x_wconf 89' lang='lat' dir='ltr'><strong>etsi</strong></span> <span class='ocrx_word' id='word_1_329' title='bbox 748 3936 789 3978; x_wconf 86' lang='lat' dir='ltr'><strong>ex</strong></span> <span class='ocrx_word' id='word_1_330' title='bbox 804 3914 948 3982; x_wconf 89' lang='lat' dir='ltr'><strong>Platonis</strong></span> <span class='ocrx_word' id='word_1_331' title='bbox 967 3924 1075 3980; x_wconf 90' lang='lat' dir='ltr'><strong>mente</strong></span> <span class='ocrx_word' id='word_1_332' title='bbox 1089 3914 1166 3979; x_wconf 88' lang='lat' dir='ltr'><strong>item</strong></span> 
     </span>
     <span class='ocr_line' id='line_1_45' title="bbox 143 3996 1165 4086; baseline 0.01 -31"><span class='ocrx_word' id='word_1_333' title='bbox 143 4002 192 4055; x_wconf 87' lang='lat' dir='ltr'><strong>est</strong></span> <span class='ocrx_word' id='word_1_334' title='bbox 218 3997 378 4079; x_wconf 84' lang='lat' dir='ltr'><strong>perfectus</strong></span> <span class='ocrx_word' id='word_1_335' title='bbox 407 3996 625 4086; x_wconf 87' lang='lat' dir='ltr'><strong>philosophus,</strong></span> <span class='ocrx_word' id='word_1_336' title='bbox 654 4007 760 4064; x_wconf 84' lang='lat' dir='ltr'><strong>tamen</strong></span> <span class='ocrx_word' id='word_1_337' title='bbox 786 4000 1038 4086; x_wconf 87' lang='lat' dir='ltr'><strong>prudentissime</strong></span> <span class='ocrx_word' id='word_1_338' title='bbox 1060 3998 1165 4086; x_wconf 67' lang='lat' dir='ltr'><strong>philod</strong></span> 
     </span>
    </p>
   </div>
   <div class='ocr_carea' id='block_1_5' title="bbox 0 0 1313 4620">
    <p class='ocr_par' dir='ltr' id='par_1_5' title="bbox 0 0 1313 4620">
     <span class='ocr_line' id='line_1_46' title="bbox 0 0 1313 4620; baseline 0 0"><span class='ocrx_word' id='word_1_339' title='bbox 0 0 1313 4620; x_wconf 95' lang='lat' dir='ltr'><strong> </strong></span> 
     </span>
    </p>
   </div>
  </div>
 </body>
</html>
