2604 4620
138 154 250 201 Lxxvr
506 148 772 201 vacaremus

137 303 289 393 vestigia,
322 324 405 387 quae
433 303 529 366 etiam
561 302 595 368 in
621 299 860 386 Xenophonteo
889 296 916 365 S
979 292 1090 387 posia
1115 324 1158 369 er-

159 411 250 455 ressa
280 397 390 452 extare
446 385 630 453 robabilitcr
659 386 768 451 docuit
794 382 908 450 Welc
951 408 1058 453 erus
1087 384 1160 453 Nor.

171 498 223 563 eus.
243 470 345 537 Rhen.
365 410 450 537 Vl.
472 496 504 559 p.
519 473 581 538 504
601 493 669 557 sqq.
705 470 827 537 Verum
852 469 916 534 ista
944 470 1098 556 quidem
1125 472 1164 539 rei

136 557 340 624 excusatione
361 579 401 622 ne
423 579 503 643 opus
525 557 656 642 quidem
677 565 735 620 est.
773 552 935 620 Convenit
960 556 1060 623 enim
1082 556 1163 623 Pau·

137 643 244 707 sanias
254 640 412 706 Platonici
423 642 579 707 sententia
592 641 688 705 etiam
703 637 828 704 Socrati
841 638 1057 724 planissime,
1074 664 1167 729 quem

137 727 215 792 satis
226 736 350 803 constat
360 726 518 804 docuisse,
529 749 625 792 unam
637 725 834 809 eandemque
845 745 914 788 rem
926 724 1054 811 utique
1071 750 1167 815 posse

135 833 195 897 pro
209 834 314 876 rerum
329 822 361 876 et
374 812 590 877 conditionum
604 809 787 876 diversitate
803 818 834 874 et
847 809 969 874 malam
986 822 1024 876 et
1046 811 1168 878 bonam

137 896 283 962 existere.
302 894 368 960 Sed
381 917 573 980 quamquam
586 896 723 961 invidiae
737 893 1013 961 etaemulationis
1025 896 1168 985 vestigia

134 982 222 1046 nulla
236 1001 390 1067 apparere
411 980 569 1058 videntur,
590 991 706 1057 tamen,
730 979 757 1043 si
772 978 845 1063 quis
861 978 1004 1045 alterum
1022 982 1167 1069 scripto·

135 1088 202 1131 rem
216 1065 346 1130 alterius
359 1063 476 1144 librum
491 1066 531 1131 ob
546 1065 654 1129 oculos
668 1063 819 1129 habuisse
833 1063 986 1143 affirmet,
1012 1088 1079 1131 nos
1094 1066 1167 1151 qui·

135 1151 209 1215 dem
222 1173 287 1215 non
304 1150 439 1214 multum
453 1148 687 1214 reluctabimur.
709 1148 813 1213 Multa
830 1148 914 1213 enim
931 1148 967 1212 in
986 1150 1167 1236 utriusque

37 1266 40 1271 ·
136 1259 232 1336 opere
253 1235 468 1312 inveniuntur,
489 1256 581 1319 quae,
603 1233 665 1298 nisi
686 1234 767 1298 alter
785 1235 918 1298 alterum
940 1236 1165 1322 respexisset,

136 1344 192 1386 vrx
212 1320 371 1405 potuisset
396 1319 476 1398 fieri,
504 1330 540 1384 ut
567 1320 607 1385 ab
633 1318 789 1384 ambobus
817 1332 1164 1387 commemorarentur.

135 1405 251 1488 Itaque
272 1426 333 1492 ego
354 1405 390 1469 in
411 1427 449 1469 ea
471 1404 627 1470 sententia
649 1427 730 1482 sum,
752 1414 789 1467 ut
809 1413 982 1487 utrumque
1007 1400 1162 1471 Socratis

138 1489 278 1574 speciem
299 1499 331 1554 et
351 1489 523 1577 imaginem
545 1512 603 1554 suo
631 1511 718 1554 more
744 1488 932 1553 informasse
959 1488 1161 1569 existimem,

135 1576 322 1640 alterutrum
343 1585 449 1641 autem
470 1573 599 1640 alterius
619 1573 735 1641 librum
758 1572 804 1638 sic
819 1571 859 1637 ob
874 1573 984 1638 oculos
999 1572 1160 1641 hahuisse

137 1660 276 1739 credam,
305 1669 342 1724 ut
367 1659 519 1724 nonnulla
543 1659 620 1726 inde
644 1659 679 1724 in
709 1681 801 1723 suum
828 1679 910 1743 opus
938 1659 1155 1736 transtulerit,

135 1745 201 1809 sive
223 1744 257 1808 id
278 1766 356 1810 casu
376 1744 496 1809 factum
519 1766 588 1810 esse
610 1744 763 1821 dicamus,
791 1741 947 1827 siquidem
976 1764 1018 1808 ea
1042 1766 1087 1809 ex
1104 1766 1152 1808 re-

135 1829 220 1894 centi
241 1829 376 1895 lectione
396 1830 431 1894 in
451 1831 612 1895 memoria‘
624 1828 754 1893 haerere
775 1837 958 1927 potuerunt,
988 1829 1064 1895 sive
1081 1828 1147 1892 ideo

137 1915 183 1978 sic
203 1915 384 1979 institutum
405 1926 464 1992 est,
491 1925 528 1978 ut
554 1915 594 1979 ab
620 1923 753 1997 utroque
779 1934 814 1975 m
842 1910 936 1976 simili
958 1922 1143 2000 argumento

135 1997 332 2063 elaboratum
361 2020 431 2063 esse
457 1997 498 2062 ab
532 1998 679 2063 omnibus
707 1996 1027 2062 animadverteretur.
1074 1996 1147 2064 Uar

136 2092 241 2146 autern
262 2093 371 2145 utrum
392 2083 577 2169 respexerit,
607 2082 711 2147 adhuc
734 2082 793 2146 sub
814 2081 920 2146 iudice
941 2081 981 2145 lis
1006 2092 1069 2162 est,
1097 2105 1151 2147 ne·

136 2188 198 2250 que
226 2165 353 2231 videtur
380 2189 433 2231 res
459 2167 501 2232 ad
528 2168 613 2233 hunc
639 2189 740 2251 usque
767 2166 852 2231 diem
874 2165 973 2230 dubia
994 2177 1030 2232 et
1050 2189 1153 2255 nuper

135 2272 262 2336 quoque
283 2251 447 2317 acerrimis
468 2252 690 2318 controversiis
705 2251 825 2338 agitata
839 2251 884 2314 ita
898 2251 1031 2317 decerni
1046 2274 1152 2339 posse,

136 2336 270 2420 utquid
291 2359 350 2422 pro
371 2360 447 2402 vero
468 2338 670 2423 probandum
691 2336 743 2415 sit,
765 2337 850 2401 omni
873 2358 913 2401 ex
929 2346 1025 2420 parte
1039 2337 1152 2425 explo-

136 2433 242 2487 ratum
262 2421 463 2507 habeatur*).

170 2677 197 2742 *)
223 2679 274 2730 Res
296 2695 376 2744 nuper
398 2681 500 2729 demum
521 2678 657 2731 acrioribus
680 2681 768 2730 studiis
790 2695 874 2729 rursus
896 2680 923 2729 in
941 2680 1144 2745 disceptationem

220 2756 310 2798 vocata
326 2757 371 2799 est.
400 2747 467 2799 Nam
484 2747 514 2799 O.
530 2749 579 2798 Fr.
594 2747 803 2808 Hermannus,
820 2763 899 2811 quum
915 2750 942 2797 in
960 2747 1145 2798 IndicihusLe-

220 2818 340 2878 ctionum,
358 2818 485 2879 Marburg.
498 2832 521 2865 a.
537 2820 710 2867 ists-1835.
729 2823 752 2866 4.
765 2817 833 2875 mai,
846 2817 979 2865 ostendere
992 2822 1096 2866 conatus
1107 2828 1147 2864 es-

220 2893 265 2947 set,
277 2886 474 2950 Xenophontem
488 2886 521 2934 ad
529 2884 644 2934 Platonis
654 2884 817 2949 symposium
825 2884 966 2947 respexisse
982 2892 1012 2933 ut
1021 2882 1150 2949 priusedi·

220 2965 282 3016 tum,
304 2955 459 3004 adversarius
477 2954 501 3002 ei
518 2953 602 3003 extitit
618 2952 651 3004 A.
669 2952 691 3002 I.
708 2955 737 3004 1⁴¹.
750 2952 1002 3015 Heariehscnius
1021 2952 1150 3014 Flenopo·

219 3023 313 3073 litnnus
330 3024 357 3072 in
369 3023 556 3074 dissertatione:
573 3022 619 3074 De
636 3023 772 3073 consilio
791 3029 821 3070 st
838 3026 906 3070 arte
924 3019 1078 3069 Convivii
1093 3020 1151 3069 Xe·

220 3093 398 3154 nophontei
416 3093 548 3154 eiusque
565 3091 809 3140 cumPlatonico
826 3087 1075 3138 necessitudine.
1093 3087 1151 3137 Fle-

220 3159 404 3221 nopoli‚1840.
423 3165 455 3217 4.,
473 3159 516 3222 qui
527 3159 727 3223 Xenophontem
742 3158 852 3222 priorem
869 3155 996 3219 scripsisse
1013 3154 1152 3214 contendit,

222 3227 265 3272 scd
282 3226 389 3275 alterum
407 3227 553 3290 scriptorem
565 3227 597 3276 ab
609 3227 689 3275 altero
702 3232 871 3289 respectatum
883 3237 936 3273 esse
949 3223 1054 3271 omnino
1066 3230 1149 3286 negat

221 3290 270 3338 Cui
286 3294 416 3355 respondit
427 3293 626 3342 Hermannus
644 3293 671 3341 in
682 3292 811 3342 Indicihus
822 3292 903 3341 Lectt.
921 3291 1051 3352 Marhurg.
1064 3290 1152 3340 aestiv.

221 3373 245 3405 a.
269 3363 350 3418 1841,
373 3360 468 3422 inquo
485 3360 549 3410 libro
571 3361 703 3422 pristinam
725 3360 876 3411 sententiam
897 3373 969 3407 suam
992 3357 1107 3408 defendit
1129 3364 1154 3407 et

222 3424 313 3472 clarius
336 3427 488 3489 explicatam
511 3428 633 3488 exhihuit,
654 3429 691 3478 ita
712 3430 822 3492 quidem,
844 3433 874 3476 ut
896 3427 973 3474 etiam
994 3426 1087 3476 certius
1110 3428 1154 3477 de-

223 3494 404 3553 monstraverit,
428 3495 497 3556 quod
519 3495 563 3543 vix
585 3496 718 3559 qnisquam
735 3504 811 3546 antea
827 3494 976 3557 negavisset,
998 3493 1073 3543 alteri
1089 3494 1154 3543 alte·

223 3561 274 3610 rius
292 3559 384 3608 librum
395 3561 454 3610 sine
473 3562 548 3610 dnbio
568 3564 601 3611 ob
619 3564 707 3614 oculos
724 3571 850 3614 versatum
862 3576 924 3622 esse,
943 3562 1058 3624 adeoque
1070 3562 1154 3625 suspi-

222 3636 292 3678 catus
310 3629 342 3677 sit
354 3624 391 3691 (p.
403 3625 464 3689 VI.)
482 3630 681 3692 Xenophontem
698 3630 804 3680 fortasse
816 3639 905 3680 contra
921 3631 1005 3692 ipsum
1016 3629 1154 3678 Platonem

222 3698 335 3760 magistri
352 3696 391 3746 sui
407 3698 556 3746 memoriam
574 3699 638 3746 tucri
654 3699 772 3760 voluisse,
796 3713 871 3761 quern
893 3713 971 3761 quum
992 3697 1053 3746 huic
1068 3698 1155 3746 multa

223 3767 337 3816 tribuisse
359 3765 525 3824 existimaret,
554 3780 618 3827 quae
641 3765 769 3826 Socrates,
797 3765 878 3828 qualis
905 3767 932 3814 in
953 3765 1005 3814 vita
1027 3779 1074 3815 sua
1095 3764 1154 3823 fuit,

223 3850 361 3898 numquam
379 3833 488 3883 dicturus
506 3832 649 3882 facturusve
666 3833 744 3883 luisse
760 3834 893 3894 videretur,
914 3835 998 3896 ipsum
1015 3833 1154 3883 verisimile

224 3919 277 3954 csse
295 3904 362 3954 illius
375 3902 497 3953 Convivio
515 3917 588 3952 suurn
606 3901 763 3964 opposuisse,
782 3915 832 3963 quo
852 3901 1002 3962 ostenderet,
1020 3903 1153 3964 quomodo

224 3973 290 4023 fictio
309 3980 453 4037 comparata
471 3987 524 4022 csse
542 3969 673 4028 debuisset,
692 3968 712 4018 si
729 3968 804 4019 Plato
822 3971 862 4020 vel
880 3970 989 4021 maxime
1002 3970 1153 4034 magistrum
