2604 4620
374 252 691 319 ‚sauromata
719 272 751 336 p.
774 253 836 314 rao
857 228 922 315 sc
1077 251 1145 316 aaa

132 496 135 503 .
215 425 300 521 Cap.
328 424 450 497 XXII.
501 428 573 493 Kal
605 429 641 494 ol
665 434 725 514 ges
748 451 784 512 γε
808 420 872 508 ἤδη
898 422 1000 492 ἐάσω·
1026 420 1087 492 τὸν
1111 428 1146 519 dl
1177 420 1201 480 Ι)

135 528 237 613 λόγον
264 525 324 596 τὸν
350 532 424 614 περὶ
449 531 510 595 τοῦ
527 523 681 614 Ἔρωτος,
706 522 748 594 ὅν
773 524 849 594 πότ’
879 520 1006 608 ἤκουσα
1031 550 1147 607 γυναι·

135 629 194 728 κὸς
220 631 432 711 Μαντινικῆς
457 634 633 716 Διοτίμας,
659 623 680 710 ἢ
706 625 817 716 robes(
846 651 880 694 τι
908 620 998 718 σοφὴ
1026 615 1068 714 ἢν.
1092 627 1148 694 καὶ

204 826 237 880 Ι).
271 826 483 885 Μαντινικῆς
507 794 690 886 Ascripsit}
717 820 762 871 Sic
779 819 857 874 Bodl.
876 817 976 871 biuhti.
990 819 1068 873 Coisl.
1082 819 1146 871 Vera.

136 895 166 945 Ξ.
180 898 277 958 Augu.
291 892 347 946 Vat⁴
356 908 381 943 u.
394 891 465 942 Flor.
472 906 495 941 a.
502 891 527 940 b.
536 905 558 941 c.
565 889 581 940 i.
594 897 621 941 et
629 890 713 954 marg.
731 889 823 941 Par.E
833 887 863 971 F,
880 888 966 938 Vats.
984 887 1058 963 Vett,
1073 889 1145 941 editt.

137 968 271 1029 passeris.

137 1129 287 1196 testimonio
310 1130 424 1181 usiaunt
441 1127 619 1179 Fabricius
669 1126 773 1178 difficile
808 1132 849 1177 est
882 1123 915 1175 ad
955 1125 1145 1197 couiieieudmn.

138 1199 205 1250 Bihl.
224 1197 270 1249 Gr.
290 1197 348 1250 Vol.
361 1199 391 1250 tl.
411 1215 435 1259 p.
445 1195 504 1252 403.
524 1203 550 1247 et
567 1195 619 1246 Fr.
669 1194 735 1247 Nam
755 1194 803 1246 etsi
822 1193 926 1245 minime
946 1194 1070 1246 accidisse
1089 1211 1146 1246 cre-

136 1267 301 1332 Schlegel
319 1267 344 1317 la
357 1269 435 1319 libror
453 1265 620 1317 Grieehea
671 1265 765 1326 dimus,
784 1263 1010 1329 quodCreuaeras
1028 1264 1144 1328 suspica·

139 1335 202 1389 uud
220 1336 348 1388 Rimas
366 1352 391 1402 p.
408 1334 459 1389 253
472 1351 530 1400 sqq.
548 1335 619 1399 0pp.
670 1341 728 1398 tur,
752 1338 781 1385 ut
804 1333 927 1385 Socrates
948 1334 1008 1383 olim
1033 1348 1089 1382 curu
1114 1347 1146 1383 ea

138 1406 207 1456 raniv.
226 1403 272 1455 lV.
290 1405 401 1469 ptlhet
416 1403 472 1457 106.
504 1400 620 1454 Scholia·
670 1417 762 1454 revera
780 1401 813 1451 sit
830 1407 996 1450 conversatus
1022 1407 1047 1451 et
1066 1399 1145 1450 subli-

138 1472 417 1525 steshristidisautem
433 1471 501 1537 apud
521 1473 620 1521 Creu·
670 1472 766 1522 miores
783 1469 908 1533 quasdam
928 1469 959 1520 de
982 1485 1069 1520 aurore
1087 1484 1147 1520 sen·
1245 1498 1253 1523 .

139 1558 250 1595 'serum
271 1541 357 1594 Lectt.
374 1542 453 1592 Plat·
466 1539 498 1591 ad
522 1541 619 1591 calcem
671 1540 765 1591 teatias
783 1540 815 1590 ab
835 1555 865 1588 ea
889 1540 1034 1604 acceperit,
1061 1545 1147 1589 tamen

138 1609 236 1663 Plotini
254 1609 286 1659 de
301 1610 406 1660 Pulcrlt.
426 1624 452 1674 p.
466 1607 525 1663 527.
544 1624 577 1657 .-.
595 1624 620 1674 p.
671 1624 729 1660 eant
748 1606 780 1658 ad
798 1609 880 1672 ipsam
894 1623 946 1658 rem
963 1607 1148 1658 accommoda-

138 1677 201 1734 468.
222 1676 263 1729 ed.
275 1677 387 1729 Dindorf
403 1693 460 1728 eam
476 1681 562 1728 narrat
578 1675 621 1726 ln·
672 1676 771 1727 tissime
788 1692 856 1727 nunc
874 1676 1043 1727 disserentem
1062 1676 1147 1727 iudaei

137 1747 191 1799 isse
209 1746 371 1797 sacerdotem
391 1746 459 1796 loris
478 1745 573 1810 Lycaei
592 1745 617 1796 iu
669 1746 744 1796 nobis
770 1747 844 1812 plane
869 1746 1053 1812 persuasimus.
1088 1743 1148 1797 Pri-

139 1815 250 1867 Arcadia
282 1815 359 1879 culti,
390 1813 423 1866 de
453 1830 504 1878 quo
534 1830 558 1863 v.
586 1812 618 1864 ad
669 1830 737 1865 nrum
758 1815 822 1867 errim
841 1830 920 1883 guarin
943 1813 975 1865 de
993 1814 1149 1865 coelestiore

138 1884 233 1950 Remp.
251 1899 275 1948 p.
294 1882 353 1936 565.
374 1885 406 1934 D.
425 1882 471 1933 Bo
483 1880 570 1934 eckh.
594 1883 618 1932 iu
670 1900 759 1935 aurore
776 1884 923 1934 instituatur
936 1881 1086 1949 disputatio,
1103 1881 1149 1947 qui

138 1955 201 2007 Min.
217 1970 240 2018 p.
254 1951 287 2006 55
299 1968 355 2017 sqq.
374 1954 522 2003 Creuaer
540 1952 618 2015 Syra·
668 1955 737 2004 altra
758 1954 889 2017 vulgarem
918 1953 992 2005 istam
1022 1950 1149 2017 cupidita-

138 2021 238 2076 bolT.
253 2019 525 2086 inpraecisum.
545 2019 619 2073 Quas
669 2021 722 2072 'tem
747 2021 897 2085 longissime
925 2020 1055 2081 evehitur,
1085 2019 1147 2084 quid

139 2091 244 2157 quidem
282 2093 443 2142 narrationes
474 2091 620 2140 Creuze-
669 2088 772 2141 taudem
798 2091 881 2153 potuit
908 2089 968 2154 tingi
994 2089 1080 2155 aptius
1103 2096 1149 2139 aut

139 2176 195 2212 rus
207 2160 231 2209 in
255 2159 344 2209 Annal.
362 2157 488 2211 l'indobb.
505 2158 562 2208 Vol.
577 2156 619 2212 56·
671 2157 818 2224 elegantius
832 2158 980 2223 excogitari,
992 2174 1066 2223 quam
1078 2155 1148 2221 quod

141 2247 164 2279 a.
180 2227 253 2282 1831.
267 2227 358 2294 pili).
375 2229 410 2278 ita
424 2227 563 2278 conciliare
582 2227 620 2276 iu·
671 2228 795 2278 Socrates
813 2229 1074 2278 sesesimulattotam
1093 2242 1148 2276 rem

140 2307 180 2348 ter
198 2314 227 2347 se
252 2296 366 2360 studuit,
388 2303 416 2346 ut
436 2297 574 2346 lliotiuram
594 2303 621 2346 et
671 2302 807 2359 acceptam
832 2296 928 2347 referre
952 2295 1081 2345 sacerdoti
1101 2295 1147 2346 ali·

141 2363 309 2416 sacerdotem
328 2373 355 2416 et
373 2363 562 2430 Pythagoream
580 2363 621 2415 fu-
661 2365 712 2416 cui
730 2365 861 2426 sanctiori,
880 2379 959 2432 quae,
977 2364 1148 2428 quemadmo-

142 2437 196 2486 isse
214 2433 353 2485 ostendere
366 2442 473 2485 coaetus
493 2432 533 2483 sit
568 2432 621 2484 hd·
673 2434 733 2484 dara
752 2433 812 2483 olim
826 2434 938 2484 Athenas
957 2433 1148 2483 lustrationibus

142 2511 232 2555 mouet
250 2503 317 2554 enim
335 2518 385 2553 nos
400 2504 563 2554 Aristocleae
581 2502 621 2553 vel
672 2509 772 2569 apeste
784 2503 939 2563 liberaverit,
952 2502 988 2552 ita
1002 2503 1080 2552 etiam
1093 2501 1148 2551 aui·

142 2573 298 2635 Theocleae‚
317 2587 382 2636 quae
401 2587 477 2637 quum
491 2575 561 2622 esset
579 2587 621 2621 sa·
672 2587 746 2623 mum
756 2573 835 2635 ipsius
847 2572 878 2621 ab
890 2569 991 2621 lvumilir
1000 2569 1149 2632 cupiditatis

141 2641 235 2693 cerdos
266 2639 400 2707 Delphica,
436 2648 523 2692 taurea
552 2644 622 2692 teste
672 2642 829 2707 cogitatione
847 2640 879 2690 ad
899 2639 1054 2691 dhiuiillius
1072 2636 1155 2704 atque‘

142 2709 302 2775 Porphyr.
320 2708 523 2774 Vit.Pyth.§.ll
546 2707 620 2773 pst.
673 2711 795 2761 coelestis
812 2711 907 2761 amoris
926 2711 1041 2761 notitiam
1062 2708 1150 2759 tradu-

143 2779 272 2830 ed.Kust.
287 2779 424 2842 Diogen.
439 2777 621 2829 Laertvlll.
673 2780 742 2831 xerit
760 2794 844 2842 eoque
866 2779 943 2830 ruodo
966 2779 1043 2829 veluti
1061 2777 1150 2843 expia-

132 2847 176 2909 b,
200 2847 242 2901 ⁶21.
268 2847 370 2897 Suids
392 2847 419 2896 iu
445 2844 623 2912 Πυθαγόρας,
673 2847 759 2899 verit?
777 2847 877 2899 Deinde
889 2847 1086 2913 prudentissime
1098 2846 1151 2896 So·

141 2931 203 2965 cum
227 2915 285 2979 ipso
309 2913 456 2977 Pythagora
478 2916 622 2965 uecessitu—
674 2921 760 2967 crates
778 2931 809 2965 ea
825 2916 912 2966 tribuit
930 2916 1073 2975 Dionaeae,
1093 2929 1151 2964 mu·

143 2982 204 3034 diue
232 2981 341 3046 quadarn
370 2981 448 3033 fuerit
480 2984 622 3035 coniuncta.
675 2983 730 3036 lieri
746 2983 873 3034 vatidicae
897 2991 924 3033 et
941 2983 1009 3033 laura
1029 2982 1151 3032 saractita-

144 3053 216 3104 ldem
250 3049 288 3099 vir
318 3050 409 3100 doctus
434 3050 508 3101 etism
534 3049 623 3100 docuit
673 3054 708 3103 tis
726 3049 793 3116 apud
813 3051 982 3102 Athenienses
994 3051 1152 3114 nobilitatae,

140 3120 183 3172 his
212 3117 365 3169 testimoniis
398 3133 449 3168 nou
481 3118 622 3182 adversari,
674 3135 740 3185 quae
757 3119 789 3170 ad
808 3120 955 3172 interiorem
966 3118 1091 3185 quandam
1103 3117 1151 3170 ho·

142 3187 213 3254 quod
249 3185 422 3237 Aristides
450 3186 477 3236 in
506 3187 623 3238 oratioue
674 3189 770 3240 minum
790 3202 847 3238 cum
868 3189 915 3239 diis
927 3198 1003 3254 atque
1015 3189 1092 3240 rebus
1110 3188 1151 3240 di·

142 3258 270 3311 adversus
295 3252 494 3307 Demosthenem
518 3256 551 3307 ab
571 3258 623 3306 da·
674 3257 739 3308 vinis
775 3259 978 3308 coniunctionem
1014 3258 1151 3323 pertinent,

143 3329 204 3394 gelo
224 3324 294 3376 Maio
313 3324 339 3374 in
358 3323 482 3390 Scriptor.
502 3323 624 3375 vetvs-
676 3326 709 3377 de
727 3327 821 3390 quibus
843 3328 967 3376 omnibus,
984 3327 1020 3377 ita
1045 3329 1151 3392 loquens

144 3397 189 3448 tic.
209 3396 318 3446 Collect·
337 3393 370 3443 lt.
390 3409 414 3459 p.
433 3390 475 3445 ³0.
494 3393 624 3458 publicata
672 3394 811 3457 inducitur,
824 3401 853 3445 ut
864 3396 1026 3447 sacerdotem
1039 3398 1151 3461 aliquam

143 3465 285 3519 Diutinram
299 3468 376 3512 vocat
393 3458 440 3524 viv
451 3463 477 3510 lu
488 3463 623 3511 Matheo.
675 3479 732 3515 cum
747 3463 834 3514 divino
847 3465 934 3516 furore
946 3466 1020 3516 uobis
1033 3467 1065 3516 de
1077 3482 1153 3517 amo-

144 3534 287 3587 Verissime
325 3532 393 3582 enim
432 3531 570 3581 arbitratur
602 3530 622 3581 l.
674 3548 704 3582 re
722 3535 823 3588 oracula
840 3532 988 3586 tundentem
1006 3535 1094 3587 audire
1111 3536 1151 3584 vi-

144 3602 299 3654 Gosliurn
324 3597 446 3650 lliblioth.
475 3598 623 3652 CritNov.
674 3600 788 3655 deamat.
823 3602 1017 3667 Deniquehaud
1036 3605 1099 3667 scio,
1118 3618 1152 3654 an

144 3669 259 3721 Vol.lV·
274 3685 300 3735 p.
312 3667 354 3724 93.
370 3668 550 3734 corrigendum
563 3684 624 3720 ceu·
673 3669 727 3720 veri
746 3671 1094 3738 quidpervideritAstius
1113 3673 1152 3722 Da
1230 3722 1233 3727 ,
1267 3671 1268 3675 ’

145 3738 229 3789 saissa
248 3736 296 3800 τὴν
313 3740 339 3788 ἐκ
357 3735 479 3802 Μιλήτου
503 3746 581 3802 atque
597 3738 623 3789 iu
673 3739 734 3790 Vita
753 3747 779 3791 et
796 3742 906 3808 Scriptis
929 3742 1029 3793 Platon.
1049 3758 1065 3807 p
1092 3739 1152 3792 312.

146 3821 203 3856 eam
221 3803 396 3870 disputavisse
414 3807 576 3871 sententiam,
595 3812 625 3858 ut
673 3808 812 3862 Diotimam
837 3813 986 3864 existimans
1009 3811 1151 3865 aPlatoae

144 3872 285 3926 Diothuam
313 3891 328 3924 a
358 3877 462 3929 rhetore
490 3878 532 3928 illo
565 3892 623 3928 cum
674 3880 752 3931 etiarn
782 3881 842 3933 ideo
869 3881 985 3932 Socratis
1010 3879 1035 3930 ia
1060 3893 1151 3928 amore

144 3941 254 4008 Aspasia
271 3952 442 4005 {immutatam
462 3962 520 3998 esse
540 3946 624 3997 credi·
674 3950 824 4014 magistram
842 3950 936 3999 factam
956 3963 1028 4011 esse,
1047 3953 1076 3997 ut
1093 3948 1152 3998 vul-

145 4013 196 4062 hile
213 4008 255 4062 sit.
289 4009 342 4060 lam
361 4027 424 4064 vero
442 4014 505 4066 lraec
519 4015 543 4065 si
561 4029 624 4066 vers
673 4033 749 4081 garos
767 4019 809 4068 isti
827 4018 921 4067 amoris
937 4030 1079 4081 praecones
1090 4031 1151 4083 per-

145 4086 218 4140 suut,
250 4091 296 4128 cur
325 4077 401 4131 Plato
427 4084 562 4134 mulierem
590 4083 624 4135 ad
674 4085 868 4148 stringerentur.
904 4084 1005 4149 Nempe
1021 4084 1072 4136 isto
1092 4100 1151 4138 mo-

130 4164 199 4212 rem
217 4151 383 4214 praesentem
400 4142 630 4241 adhibuerit&
644 4204 654 4231 „
673 4152 710 4207 do
724 4151 750 4204 at
769 4167 837 4204 nanc
859 4168 874 4203 a
897 4151 1019 4205 semina
1036 4146 1151 4209 edoceri-

512 4240 716 4443 ,Ιῦιὲᾅΐ
