2604 4620
205 248 248 308 οι
552 218 560 251 ¹
591 207 837 308 rnsnour's

206 407 247 512 ᾖ,
280 420 335 483 καὶ
359 411 495 500 ύνὸρεία
532 417 588 480 καὶ
609 413 809 506 σωφροσύνη
835 419 890 482 καὶ
916 413 1126 497 δικαιοσύνη,
1165 423 1222 485 καὶ

210 511 394 598 ξολλήβόην
426 507 565 593 ἀληθὴς
601 512 702 602 ἁρετὴ
733 507 753 610 γ’]
788 512 871 602 μετὰ
914 513 1124 608 φρονήσεως,
1165 522 1222 584 καὶ

206 619 490 698 προςγιγνομένων
523 617 580 680 καὶ
611 613 884 702 ἀπογιγνομένων
916 620 972 682 καὶ
1007 614 1139 698 ἡδονῶν
1164 621 1222 682 καὶ

207 711 324 805 φόβων
357 715 414 779 καὶ
446 715 514 779 τῶν
545 709 657 782 ἄλλων
690 714 827 783 πάντων
853 718 919 781 τῶν
948 715 1123 784 τοιούτων·
1156 742 1221 801 χω-

207 810 363 899 ριζόμενα
389 815 424 879 δὲ
448 813 642 906 φρονήσεως
667 819 723 883 καὶ
748 813 980 902 ἀλλαττόμενον
1016 814 1092 884 ἀντὶ
1117 813 1221 897 σἰλλή-

209 915 293 993 λων,
319 909 365 999 μὴ
393 920 598 1005 σκιαγραφία
627 941 677 994 τις
701 907 721 1010 ᾖ
747 914 770 998 ἡ
796 914 937 997 τοιαύτη
963 912 1066 1005 ἀρετὴ
1092 917 1147 983 καλ
1173 918 1220 999 τῷ

278 1142 309 1195 n.
346 1141 399 1191 ιιι
418 1138 574 1206 samaa]
593 1106 757 1195 sonsum.
777 1143 847 1195 mor.
869 1119 894 1195 ι’.
914 1146 937 1200 a.
958 1161 980 1196 a.
1000 1145 1024 1197 a.
1043 1145 1059 1194 ι.
1078 1159 1111 1195 m.
1127 1142 1222 1194 Ζιιισ.

105 1225 110 1233 ’
215 1212 278 1279 Vsu.
299 1212 320 1260 Ξ
326 1211 361 1262 Π.
382 1225 441 1282 cum
460 1208 520 1259 Ald.
540 1208 613 1261 Boas.
631 1209 732 1278 ἀνδρία,

278 1276 378 1344 dorsi}
405 1275 520 1342 ᾐμετὰ
544 1277 749 1345 φρονήσεως]
776 1279 861 1343 Vulgo
880 1269 897 1340 q*
915 1279 997 1329 abest.
1015 1277 1083 1328 Tul).
1103 1278 1166 1330 Veu.
1185 1278 1222 1328 Il.

211 1349 270 1430 Par.
288 1345 366 1413 ἀρετὴ
389 1344 402 1410 ἡ
422 1345 488 1413 μετὰ
513 1361 571 1413 φρ,
595 1346 665 1399 uude
683 1362 742 1398 cnm
762 1345 916 1398 Heindorfio
934 1352 962 1398 et
979 1346 1101 1399 Bekkero
1119 1338 1135 1410 ᾖ
1152 1345 1222 1396 inse-

209 1431 317 1466 ruimus.

279 1480 351 1533 παιδ’
376 1478 501 1544 aliquia
526 1481 663 1548 λ’χονσα]
686 1480 730 1532 Sic
753 1480 813 1533 dedi
836 1498 851 1534 e
874 1481 930 1536 vat.
956 1481 1030 1533 Vind.
1056 1481 1090 1532 Φ.
1110 1481 1170 1534 Par.
1189 1481 1222 1531 G.

211 1551 300 1605 Ambr.
320 1549 391 1604 Flos.
409 1548 435 1598 d.
456 1553 482 1599 et
499 1563 583 1614 marg.
603 1547 665 1602 Ven.
684 1549 720 1603 u.
738 1549 820 1603 Editt.
838 1565 928 1603 omues
946 1551 998 1620 ἔχῃ.

212 1721 244 1768 et
273 1730 412 1779 stercor,
448 1730 485 1767 ue
520 1731 606 1780 quae
638 1715 695 1767 troc
747 1715 807 1772 688.
831 1735 856 1784 p.
881 1714 940 1771 963.
966 1715 998 1767 B.
1022 1717 1054 1766 al.
1096 1713 1224 1766 Nimirum

212 1783 420 1834 numismate
444 1789 602 1834 emuntur
624 1799 693 1834 ven·
747 1784 824 1836 ductu
850 1791 890 1835 est
913 1783 977 1834 haec
996 1781 1085 1833 divisio
1102 1783 1223 1835 virtutum

214 1852 419 1915 dunturque,
446 1867 481 1903 ea
507 1850 634 1903 demum
661 1867 696 1902 re
748 1869 781 1906 ex
800 1852 1029 1919 Pythagoreorum
1041 1849 1173 1913 doctrina,
1195 1857 1225 1901 ut

214 1936 295 1970 vera
320 1921 390 1969 siut
415 1925 463 1971 etc.
501 1919 530 1971 Iu
548 1919 585 1970 his
603 1921 696 1971 mirum
747 1928 854 1988 apparet
872 1937 905 1973 ex
922 1918 1073 1984 fragmentis
1090 1934 1130 1984 ap.
1149 1918 1224 1969 Sto-

214 1988 308 2040 accidit
320 1987 388 2037 istud
399 1985 530 2051 ὠνούμενα
542 1989 644 2053 passive
656 1988 694 2038 di·
746 1990 861 2041 haeum
880 1989 1002 2053 Florileg.
1020 1987 1041 2038 1.
1060 2002 1084 2037 c.
1095 2002 1122 2050 g.
1137 1985 1224 2038 Thea·

214 2061 292 2106 ctum.
339 2055 437 2106 Vitium
472 2056 522 2105 leui
551 2057 696 2106 mutatione
746 2059 785 2120 gis
810 2074 836 2123 p.
861 2055 931 2110 8-
951 2055 991 2109 12.
1027 2054 1127 2120 Metnpi
1150 2069 1176 2121 p.
1199 2056 1225 2107 7.

219 2121 365 2183 sustuleris,
385 2122 538 2172 scribendos
556 2123 696 2187 ἐωνημένα,
747 2125 845 2175 Cliniae
869 2140 894 2189 p.
924 2122 950 2176 8.
992 2123 1109 2174 Indidem
1135 2123 1226 2173 sumsit

216 2188 263 2240 nisi
281 2189 405 2239 malueris
420 2189 498 2240 etiam
515 2187 608 2252 ὠνητά,
626 2189 696 2253 quod
747 2192 912 2252 Aristoteles,
932 2190 1087 2240 dissentiens
1105 2195 1193 2241 tamen
1210 2207 1225 2242 a

215 2260 326 2323 propter
360 2270 414 2320 seq.
444 2255 642 2322 πιπρασκόμενα
671 2257 696 2306 in
746 2259 865 2309 Platonis
892 2258 1006 2318 ratione,
1034 2271 1111 2319 quam
1135 2264 1227 2323 postea

216 2322 350 2442 ἐνούμενα
380 2329 505 2443 ιιιιιλαιιρρι
525 2332 573 2443 est.
584 2324 695 2441 ‘Heini-
746 2326 830 2445 ῗῐοίαὲ
846 2324 1017 2442 lllldllalunl
1028 2338 1059 2439 ὅ.
1077 2323 1225 2441 λλριῖιμα-

239 2407 301 2446 or.
363 2406 421 2443 uum
453 2407 540 2443 viere
583 2407 696 2445 mco.
772 2409 872 2444 sca
927 2407 999 2444 ..e
1057 2406 1137 2442 aro.
1183 2409 1225 2443 er-

216 2462 283 2526 Aug.
301 2407 427 2526 s’criltm
441 2456 697 2525 οαιλαιαῶνσύμεθά
748 2477 792 2513 er.
810 2461 842 2511 ad
861 2458 1002 2512 ulcorra.
1025 2458 1045 2509 1.
1063 2459 1089 2520 5,
1112 2457 1149 2511 15.
1169 2459 1225 2510 Ex·

216 2545 244 2578 τε
276 2527 319 2576 καὶ
345 2526 564 2594 πιπρασκόμεθα,
589 2528 613 2578 in
639 2543 696 2580 eum
747 2545 815 2581 curs.
864 2530 892 2580 lu
927 2526 1037 2591 dialogis
1071 2526 1225 2591 quibusdum

218 2595 395 2660 suspicionem
416 2595 512 2658 incidit,
534 2600 565 2645 ut
581 2595 696 2646 scriben-
745 2595 816 2662 quod
834 2596 914 2646 Plato
936 2595 1016 2646 etiam
1040 2594 1154 2658 quintam
1174 2595 1226 2646 vir·

218 2661 278 2712 dum
304 2667 422 2726 putaret:
445 2663 489 2711 nai
510 2661 575 2728 μετὰ
596 2660 696 2712 τούτου
746 2670 827 2715 tutem
842 2667 972 2715 memorat
984 2661 1139 2727 primariam,
1157 2663 1227 2730 pie-

215 2725 233 2779 r‘l
251 2728 393 2794 ὠνούμεθύ
412 2747 440 2779 τε
454 2726 695 2796 καὶπιπρύσκομεν,
746 2737 866 2795 tatem,
888 2731 922 2782 de
947 2745 979 2781 eo
1001 2742 1026 2782 v.
1051 2729 1174 2798 Prolegg.
1192 2730 1226 2782 ad

216 2801 252 2864 τῷ
270 2795 328 2846 ὄντι
345 2789 370 2861 ᾖ.
407 2797 532 2849 Fortasse
556 2806 639 2850 tamen
658 2799 697 2848 ui·
747 2801 885 2867 Protagor.
904 2815 930 2866 p.
949 2797 982 2852 32
1000 2812 1040 2862 sq·
1060 2798 1102 2849 ed·
1120 2798 1145 2853 2.

217 2864 249 2917 hil
285 2865 457 2928 mutandum,¹
487 2867 695 2932 quandoquidem
827 2901 836 2922 r
1043 2897 1053 2948 ρ
1079 2898 1086 2918 ‚
1201 2900 1216 2952 h

218 2934 410 2985 Grammaticus
436 2934 461 2984 iu
480 2935 592 2986 Bekkeri
611 2940 696 2986 Anec·
780 2921 836 2985 Ψ
859 2919 1039 3020 ''lg‘l't’wl
1071 2900 1180 3021 ποί]
1218 2941 1224 2954 ·

218 3001 273 3053 dot·
297 3002 382 3056 1195Ι
408 3018 423 3054 e
446 3002 524 3067 Lysia
550 3004 696 3054 affertsor-
747 2987 770 3025 e.
790 2986 898 3022 srvea
929 2984 977 3021 sin
1012 2985 1119 3020 srvea
1148 2975 1226 3023 sint.

217 3086 286 3123 mam
317 3070 426 3138 perfecti
456 3071 582 3136 ἐωνηκιύς,
618 3078 696 3138 atque
778 3068 991 3142 χωριζόμενα
1032 3071 1064 3122 δὲ
1106 3070 1227 3138 φρονή-

218 3139 363 3205 proximum
394 3139 591 3208 πιπρασκόμενα
614 3140 697 3206 paene
747 3159 828 3197 σεως
850 3141 902 3206 -]
938 3139 1021 3191 Refer
1055 3139 1088 3191 ad
1122 3139 1227 3204 ἡδονάς,

218 3207 342 3270 efflagitat
370 3206 512 3274 ὠνούμεναι.
554 3210 696 3260 Praeterea
748 3207 850 3274 qo‘fiouq
872 3215 899 3260 ei
916 3200 998 3257 ιιῖλλα
1012 3206 1106 3270 πάντα,
1125 3214 1153 3257 ut
1167 3224 1227 3259 sen-

219 3273 296 3323 etiam
315 3275 494 3338 imperfectum
508 3277 580 3326 verbi
592 3283 696 3342 tempus
747 3278 828 3327 tentia
866 3276 930 3326 lraec
966 3277 1013 3326 sit:
1058 3275 1228 3326 disiuncta

218 3339 287 3457 ili
305 3339 697 3472 iu02tl·.⁰³.ttu¹¹eil
748 3343 1228 3462 ululatui.mutuli?

283 3447 288 3458 .
334 3443 339 3454 .
615 3428 622 3465 x
653 3434 666 3460 σ
1216 3440 1227 3449 -

218 3477 263 3541 μὶν
280 3472 329 3542 γὰρ
346 3476 463 3537 ἐωνεῖτο,
482 3425 626 3542 aliquinum
644 3479 697 3528 due·
749 3478 788 3529 de
807 3492 846 3528 ne
865 3477 945 3527 nihil
965 3477 1107 3526 slutnlsl
1121 3478 1227 3530 adum·

219 3539 342 3610 λεόομεν,
376 3543 399 3591 εὶ
432 3542 540 3596 δύναιτο
574 3544 587 3595 ὁ
620 3547 698 3603 ἵππος
748 3547 858 3597 brutio
882 3543 1046 3609 quaedam
1075 3544 1225 3598 virtutis.

219 3615 305 3659 ταῦτα
327 3616 417 3665 ποιεῖν,
436 3641 470 3650 -
505 3614 580 3667 Quae
605 3613 697 3666 deiude
747 3612 952 3665 Plutarchus
980 3611 1038 3665 adv.
1065 3612 1169 3677 Epicur.
1199 3633 1226 3682 p.

219 3679 381 3729 nominantur
397 3687 509 3744 quatuor
524 3682 625 3733 virtutis
644 3682 697 3733 sor·
749 3681 823 3736 1091.
843 3683 876 3732 D.
898 3678 1010 3730 Πλάτων
1032 3706 1063 3716 -
1082 3679 1227 3748 ἀπηγόρευε

220 3762 293 3798 mae:
324 3747 520 3812 prudentia,
547 3751 696 3815 iustitia,
746 3749 794 3806 τὰς
811 3749 895 3799 λυπῶν
913 3748 955 3796 καὶ
972 3747 1058 3797 πόνων
1078 3746 1228 3817 ἀπαλλαγὰς

219 3815 404 3877 fortitudo,
456 3821 696 3883 temperantia,
747 3817 841 3881 ἡδονὰς
866 3813 902 3883 μὴ
934 3815 1055 3880 νομίζειν,
1084 3815 1141 3866 ἀλλ’
1170 3815 1227 3871 οἷόν

220 3899 265 3936 eas
290 3881 458 3950 philosophus
482 3894 610 3937 memorat
635 3887 696 3938 item
746 3905 806 3935 τινα
825 3885 995 3950 σκιαγραφίαν
1014 3882 1029 3946 ἢ
1045 3885 1113 3948 μῖξιν
1131 3888 1228 3939 οἰκεῖον

168 3996 172 4004 .
218 3954 259 4004 De
276 3953 387 4018 Republ.
415 3954 459 4004 lV.
479 3970 505 4019 p.
523 3951 575 4006 428
593 3970 647 4019 sqq.
671 3971 697 4020 p.
748 3953 790 4003 sci
813 3951 969 4017 ἀλλοτρίου,
992 3950 1111 4021 καθάπερ
1137 3957 1228 4008 λευκοῦ

218 4020 279 4074 433.
299 4037 333 4070 ss.
353 4037 379 4086 p.
397 4019 456 4074 441.
475 4021 506 4072 Ε.
526 4037 582 4086 sqq.
611 4022 653 4075 VI.
671 4039 696 4088 p.
747 4021 800 4073 sai,
818 4022 937 4086 petasus.
961 4045 992 4056 -
1035 4022 1135 4074 Deinde
1166 4024 1224 4075 οὐδ’

217 4088 277 4142 487.
298 4090 328 4142 Β.
348 4106 372 4155 ρ.
392 4088 497 4143 tutu
514 4089 653 4155 Leggulll.
671 4107 696 4156 p.
748 4088 846 4153 ἆληθις
874 4091 968 4151 ἔχουσα
991 4089 1060 4154 quod
1087 4107 1120 4143 ex
1150 4093 1226 4145 codd.
