2604 4620
84 118 87 123 ’
138 175 186 244 aa
495 169 791 246 PRAEFATIO

136 372 251 416 narsus
282 348 431 416 convellit
461 349 644 416 adhibenda
669 351 833 436 superiore
864 354 1151 440 argumentatione.

138 433 238 517 Quod
258 433 344 499 enim
363 432 487 499 animos
508 457 696 501 concessum
711 446 762 501 est
776 436 956 502 divinarum
971 461 1079 502 rerum
1092 461 1151 504 no-

137 520 225 585 titias
238 518 273 583 in
286 518 354 583 vita
368 518 534 603 superiore
548 543 625 586 acce
647 521 722 598 isse,
737 520 772 584 id
784 520 819 586 in
832 521 1032 588 harmoniam
1045 523 1151 587 neuti-

14 606 18 612 ’
137 625 235 688 quam
260 602 431 668 convenire
453 602 548 669 facila
562 603 629 668 inte
653 605 803 691 ‘gitur*).
839 605 1015 690 Atque'his
1037 606 1152 672 deinde

15 705 27 715 “
136 686 234 752 etiam
247 686 310 751 alia
334 686 538 766 adiiciuntur,
559 688 645 754 unde
659 689 758 754 animi
772 701 805 756 et
824 690 1011 756 harmoniae
1030 687 1151 756 discre-

136 770 249 856 pantia
269 771 493 857 perspiciatur.
1112 854 1114 856 q

192 853 217 920 J
218 878 270 919 am
284 878 361 921 vero
374 855 513 920 refirtata
525 854 678 922 Simmiae
693 857 893 924 dubitatione
908 859 1004 924 etiam
1021 855 1152 924 Cebetis

137 938 338 1003 examinatur
353 939 525 1016 sententia,
565 941 598 1005 ui
613 941 754 1006 dubitari
768 965 865 1027 posse
880 951 1059 1020 censuerat,
1075 965 1152 1007 num

27 1023 30 1027 ’
137 1022 250 1099 animi,
281 1022 408 1086 etiamsi
433 1045 470 1086 co
512 963 622 1086 oribus
648 1036 757 1088 essent
781 1026 1014 1104 diuturniores,
1046 1037 1153 1090 tamen

136 1128 196 1192 pro
206 1105 440 1171 imm0rtalibus
450 1104 493 1170 ha
517 1106 564 1170 eri
575 1117 717 1191 possent.
740 1106 797 1170 Ad
808 1131 905 1191 quam
920 1110 1152 1175 dubitationem

137 1190 311 1255 tollendam
326 1187 477 1257 Socrates
496 1212 579 1275 opus
600 1189 646 1254 ait
664 1212 736 1255 esse
750 1202 902 1255 accurata
916 1193 997 1269 eius,
1018 1193 1106 1276 quod
1119 1214 1153 1258 rc

137 1297 214 1340 vera
235 1275 292 1351 sit,
315 1274 512 1360 cognitione:
535 1285 650 1358 putare
671 1283 779 1339 autem
795 1297 865 1340 sese
879 1297 949 1353 res,
969 1276 1081 1360 quales
1095 1300 1153 1342 na-

138 1369 210 1423 tura
226 1381 284 1423 sua
299 1358 378 1436 sint,
394 1358 488 1424 unice
501 1359 648 1423 idearum
659 1359 691 1423 vi
705 1368 738 1423 et
752 1359 973 1424 communione
988 1359 1153 1424 exsistere.

139 1439 215 1523 Qua
240 1442 398 1507 sententia
415 1443 551 1528 probata
575 1443 680 1508 denuo
707 1442 922 1518 confirmatur,
949 1443 1036 1526 quod
1059 1453 1155 1507 antea

136 1526 356 1604 indicaverat,
391 1527 533 1591 animum
568 1550 637 1600 non,
661 1549 758 1612 posse
787 1527 942 1612 disperire
970 1536 1153 1610 propterea,

138 1610 226 1694 quod
238 1610 380 1675 maxima
403 1634 477 1676 cum
497 1611 578 1676 ideis
592 1611 787 1676 intecederet
807 1612 872 1695 ipsi
887 1609 1035 1696 cognatio
1050 1619 1083 1673 et
1096 1631 1154 1672 ne-

138 1694 370 1780 cessitudoss).
394 1693 525 1780 Quippe
542 1695 634 1759 ideae
650 1695 678 1759 si
692 1718 799 1759 rerum
813 1695 880 1760 vim
894 1704 1107 1775 naturamque
1120 1692 1156 1754 in

63 1787 65 1793 ⁴
139 1802 173 1844 se
188 1778 462 1865 comprehendunt
480 1801 586 1861 neque
603 1779 701 1842 meris
722 1778 822 1841 animi
842 1775 1026 1841 notionibus
1047 1775 1155 1839 absol-

138 1873 273 1938 vuntur,
288 1884 489 1944 consequens
503 1871 570 1938 est,
585 1871 623 1924 ut
637 1860 764 1924 animus
780 1881 908 1943 quoque
921 1859 955 1922 in
972 1858 1157 1923 societatem

138 1957 171 2012 ct
185 1946 442 2012 communionem
453 1944 561 2010 veniat
577 1944 646 2008 eius
661 1943 859 2008 constantiae
873 1953 905 2007 et
919 1942 1156 2028 perpetuitatis,

139 2051 222 2111 qnae
238 2030 278 2103 ei,
295 2030 382 2110 quod
396 2051 456 2112 per
471 2051 504 2091 se
517 2027 627 2109 ipsum
642 2038 692 2090 est
705 2037 737 2091 et
752 2027 784 2091 vi
801 2046 859 2091 sua
873 2036 1010 2102 constat,
1025 2025 1157 2110 propria

140 2111 264 2174 censeri
278 2110 382 2173 debet.
414 2109 469 2172 Ex
491 2108 609 2190 quibus
635 2110 748 2192 sponte
773 2121 918 2194 apparet,
945 2132 1043 2198 quam
1069 2119 1157 2174 arcte

138 2192 219 2256 haec
234 2213 362 2274 quoque
377 2214 451 2256 cum
465 2191 598 2274 reliquis
613 2191 723 2256 iuncta
737 2203 834 2275 atque
849 2193 997 2278 copulata
1013 2193 1088 2256 sint.

195 2275 348 2358 Denique
361 2274 413 2338 his
427 2274 576 2340 omnibus
588 2275 794 2361 subiungitur
807 2277 907 2340 multo
921 2276 1046 2342 firmius
1061 2276 1157 2343 etiam

141 2358 324 2442 certiusque
338 2359 627 2444 reiargumentum,
643 2370 679 2424 ut
702 2359 903 2508 otelpetitum
918 2360 959 2424 ab
973 2359 1045 2445 ipsa
1059 2360 1157 2424 animi

140 2443 247 2508 indole
275 2453 372 2526 atque
397 2453 522 2520 natura,
549 2444 648 2529 (conf.
710 2466 728 2509 e
778 2449 833 2528 ep.
859 2444 888 2521 Ι,
914 2466 947 2527 p.
962 2446 1036 2510 353.
1064 2443 1110 2508 A.
1126 2453 1158 2509 et
1211 2445 1218 2454 '

140 2528 248 2613 Legg.
264 2527 312 2604 X,
328 2551 359 2612 p.
376 2526 465 2611 805.)
488 2536 585 2610 atque
599 2527 673 2612 ipsa
687 2528 832 2592 doctrina
856 2528 1002 2592 idearum
1017 2527 1110 2611 quasi
1123 2527 1157 2591 in

142 2621 346 2676 antecessum
365 2611 524 2675 munitum
543 2621 576 2676 at
590 2612 828 2689 confirmatum,
850 2611 935 2676 unde
956 2633 1051 2676 suum
1072 2621 1162 2676 com·'

141 2694 251 2780 posuit
264 2692 520 2779 Augustinus
539 2695 593 2760 De
613 2695 790 2760 Immortal.
812 2696 960 2760 Animor.
984 2699 1009 2780 ξ.
1026 2698 1068 2760 14
1088 2717 1158 2779 sqq.

144 2777 315 2863 Quidquid
335 2779 421 2843 euim
441 2802 500 2864 per
520 2802 554 2844 se
569 2789 628 2857 est,
648 2780 683 2843 id
699 2777 851 2844 Socrates
865 2790 980 2844 natura
1002 2802 1060 2857 sua
1074 2802 1159 2845 nun·
1183 2797 1185 2800 ·

143 2885 240 2946 quam
255 2862 451 2929 contrarium
464 2863 634 2964 suscipere·
642 2874 698 2928 aut
712 2865 780 3013 pati
794 2865 913 2950 arguit,
927 2863 997 2962 sive
1009 2863 1089 2927 illud
1103 2884 1160 2948 per
1180 2897 1184 2915 ι

143 2972 177 3013 se
200 2971 346 3023 seorsum
368 2959 508 3026 constet,
536 2971 714 3014 s1ve1nre
738 2971 777 3012 us
792 2971 954 3033 corpore1s
971 2969 1159 3033 expressum

143 3045 304 3101 cernatur.
318 3033 390 3099 Iam
401 3057 477 3100 vcro
492 3033 591 3099 animi
602 3033 668 3098 vim
680 3044 892 3116 naturamque
907 3031 1113 3118 (essentiam)
1126 3031 1160 3094 in

142 3115 209 3185 vita
216 3121 393 3186 consistere
400 3119 593 3197 arbitratum
607 3117 811 3203 exquoeffici
825 3117 904 3194 vult,
920 3127 958 3180 ut
968 3139 1066 3192 mors,
1079 3136 1173 3197 quae,

110 3202 113 3206 ’
143 3203 285 3264 animum
301 3206 444 3283 corporis
463 3205 686 3267 communione
704 3203 852 3284 attingat,
879 3224 982 3284 genus
1001 3198 1161 3282 quoddam

144 3281 229 3343 vitae
244 3281 381 3342 iudicari
395 3272 511 3342 debeat
518 3283 598 3356 m).
623 3279 718 3351 Quae
734 3281 761 3338 si
775 3292 924 3343 accurate
939 3282 1160 3364 perpenderis,

144 3362 256 3425 eodem
273 3361 341 3423 fere
359 3356 621 3431 redirevidebis,
643 3377 707 3438 quo
722 3357 773 3420 dis
796 3361 897 3422 utatio
917 3361 951 3422 in
965 3362 1115 3425 Phaedro
1154 3412 1179 3431 .‚

147 3445 208 3508 245
225 3465 295 3526 sqq.
310 3442 468 3515 instituta,
484 3461 581 3522 quam
596 3439 750 3505 Latinam
764 3381 840 3506 sicit
855 3441 1012 3507 Tullius
1028 3388 1162 3510 Tuscui.

120 3520 128 3536 '
146 3526 173 3603 I,
189 3550 218 3592 c.
234 3528 284 3593 25.

152 3703 336 3710 ,Μ-

100 3767 103 3778 ’
198 3805 224 3868 a)
242 3809 271 3856 r.
291 3799 330 3857 ss.
349 3809 378 3859 c.
399 3849 427 3857 -
448 3812 487 3857 ss.
502 3809 537 3863 D.
568 3809 597 3858 r.
617 3814 723 3860 amas.
742 3812 771 3860 Β.

187 3898 226 3961 **)
244 3902 275 3950 P.
294 3905 334 3949 86.
353 3903 385 3950 Ι).
406 3939 432 3947 ,
456 3906 496 3949 88.
515 3901 544 3950 Ε.
575 3902 606 3950 Ρ.
626 3905 665 3950 95.
684 3901 804 3952 A-1oo.
823 3905 856 3952 A.

183 3968 236 4029 aar)
256 3969 285 4017 P.
307 3973 363 4018 100.
382 3970 413 4018 A.
437 4007 461 4014 -
486 3970 542 4016 107.
561 3968 594 4017 Α.
