2604 4620
391 208 598 304 cirlano.
620 265 649 324 p.
672 245 723 304 or.
747 243 791 310 si.
1056 249 1098 308 aa

84 419 161 494 πᾶς,
187 413 254 499 ὅτῳ
281 415 380 496 ἀξίως
406 412 530 484 τούτου
557 417 618 481 τοῦ
644 413 841 501 πράγματος
867 422 1027 502 μέτεστιν.
1056 414 1096 484 οὐ

83 523 195 600 μέντοι
221 513 252 600 γ’
284 517 360 592 ἴσως
386 514 540 600 βιάσεται
567 513 688 583 αὑτὸν·
726 516 765 584 οὐ
792 517 858 602 γάρ
885 539 970 609 paui
998 523 1098 607 θεμι·

84 612 263 682 ebusinam.
315 620 385 682 Καὶ
418 613 489 699 ἅμα
521 619 747 697 λέγωντιιῦτοι
774 621 905 697 καθῆκε
933 615 974 684 τὰ
1001 622 1095 700 σκέλη

82 713 152 782 ἀπὸ
179 720 239 797 τῆς
264 721 376 796 κλίνης
402 720 452 780 ἐπὶ
481 710 540 794 τὴν
565 719 638 798 γῆν,
663 719 718 781 καὶ
747 717 973 803 καθεζόμενος
990 714 1096 797 οὕτως
1126 735 1153 795 ὓ

83 813 145 898 ἤδη
172 813 214 882 τὰ
242 814 343 882 λοιπὰ
373 818 538 897 διελέγετο.

144 912 276 999 ’Ἤοετο
305 906 366 981 obv
392 913 497 982 αὑτὸν
529 913 547 982 ὁ
576 917 712 1002 Κέβης,4
738 919 820 991 Πῶς
856 918 955 982 τοῦτο
989 920 1098 999 λέγεις,

82 1006 107 1080 ὦ
136 1013 328 1099 Σώκρατες,
355 1012 392 1082 τὸ
419 1012 463 1101 ph
489 1015 632 1102 θεμιτὸν
658 1014 742 1083 εἶναι
767 1011 888 1084 ἑαυτὸν
905 1013 1098 1100 βιάζεσθαι,

83 1118 214 1180 ἐθέλειν
244 1115 274 1181 δ’
305 1115 348 1182 ἂν
374 1121 418 1199 τῷ
445 1116 700 1198 ἀποθνήσκοντι
727 1114 783 1183 τὸν
807 1114 997 1206 φιλόσοφον
1024 1127 1096 1185 έπε-

54 1276 58 1291 ,,
85 1217 190 1296 ailam
211 1220 250 1282 'lt
266 1220 328 1296 δαί,
345 1207 370 1283 ὦ
391 1219 515 1303 Κέβηςς
532 1217 593 1286 οὐκ
607 1214 773 1300 ἀκηκόατε
784 1216 824 1284 σύ
835 1243 867 1283 τε
879 1221 935 1284 καὶ
945 1221 1097 1304 Σιμμίας
1180 1302 1184 1306 ³

82 1477 150 1528 leudi
169 1487 264 1544 posset.
285 1498 308 1534 r.
328 1483 470 1532 Hermann.
507 1483 544 1532 ne
563 1481 661 1535 Partic.
687 1482 719 1532 ἅν
737 1499 762 1548 p.
780 1480 821 1536 33.
840 1483 917 1536 Rost.
938 1484 985 1534 Gr.
1007 1484 1053 1534 Gr.
1073 1483 1095 1547 fi.

83 1545 139 1600 lto.
159 1565 215 1601 arrn.
234 1549 258 1602 4.
277 1567 301 1616 p.
322 1550 380 1603 602.

148 1644 274 1705 τοίνυν,
295 1647 371 1705 ipa,
389 1644 441 1690 καὶ
460 1642 531 1705 ΕΜ
552 1644 600 1706 λφη
620 1642 711 1695 eVat.
733 1643 797 1693 Ven.
818 1645 853 1693 ll.
873 1643 947 1694 Vind.
970 1648 1003 1700 Φ.
1023 1644 1093 1695 Flor.

80 1723 103 1758 s.
123 1708 148 1757 d.
169 1726 203 1759 m.
222 1711 284 1761 Par.
308 1711 366 1759 BC.
387 1718 413 1760 et
435 1727 515 1774 rirarg.
536 1711 612 1761 bodl.
630 1712 787 1763 restitutum.

151 1798 185 1848 od
210 1804 323 1865 μέντοι
349 1790 387 1864 γε
406 1802 496 1864 ἴσως]
516 1802 560 1849 Sic
583 1801 659 1852 Budl.
680 1802 738 1850 Vat.
757 1802 830 1851 Vind.
850 1802 875 1854 2.
894 1803 919 1855 3.
936 1802 960 1858 6.
979 1804 1049 1856 Flor.
1068 1805 1094 1857 d.

60 1941 62 1944 .
81 1867 144 1921 Par.
166 1869 199 1921 G.
222 1870 310 1920 Ambr.
348 1869 435 1917 Ceteri
454 1867 507 1917 lere
526 1873 615 1932 μέντοι
634 1868 688 1917 sine
706 1887 742 1932 γε.
762 1869 852 1933 Stepb.
871 1875 924 1935 μέν.

151 1952 188 2003 τὰ
214 1956 307 2017 σκέλη
326 1951 387 2002 dni
410 1954 606 2016 trientinae]
628 1949 678 2002 dni
701 1955 846 2019 ιῆςκλέιης
862 1971 913 2005 om.
934 1955 1008 2007 Bodl,
1026 1955 1123 2005 'sub‘

82 2130 109 2177 in
134 2123 225 2174 Somn.
253 2122 366 2186 Scipion.
392 2123 411 2172 l.
437 2120 492 2184 13..
520 2122 562 2185 qrii

83 2196 148 2245 hunc
161 2192 245 2254 ipsum
254 2190 369 2241 Platonis
383 2193 465 2241 loanni
477 2191 562 2241 laudat

82 2267 109 2311 et
134 2259 327 2325 quodammodo
354 2260 474 2323 explicat.
507 2260 560 2309 Cic.

44 2387 47 2390 ,
81 2331 219 2381 ΤοεοοΙοο.
242 2329 260 2380 l.
284 2326 337 2390 30,
356 2329 398 2376 ubi
412 2330 485 2392 plura
505 2328 561 2377 Da-

80 2400 194 2450 nisius.

114 2461 349 2529 καθεζόμενος
373 2461 476 2518 οὕτως
500 2462 559 2528 ἤδη

79 2558 102 2590 γ,
120 2536 141 2587 λ.
161 2532 342 2598 διελέγετο]
362 2532 413 2584 he.
433 2530 557 2592 καθέζετο

79 2605 122 2655 καὶ
141 2602 225 2659 οὕτως
243 2601 292 2666 ἤδη
310 2631 343 2638 -
361 2601 497 2667 διελέγετο.

115 2676 144 2724 l).
183 2671 217 2722 τὸ
238 2671 277 2736 μὴ
301 2670 446 2736 θεμιτὸν
469 2668 559 2718 εἶναι

79 2772 113 2781 --
137 2743 271 2792 έέλέλειν
296 2737 320 2790 δ)
347 2737 399 2800 ἂν]
426 2739 449 2791 h.
468 2753 491 2789 e.
517 2737 558 2786 dn

79 2811 115 2878 μὴ
141 2808 252 2873 θεμιτόν
281 2810 336 2858 ἐστι
359 2836 393 2844 -
418 2807 508 2856 ἐθέλοι
534 2802 557 2855 δ’

79 2881 110 2930 dv
123 2876 179 2928 -ἇ
198 2876 341 2943 φιλόσοφος
355 2875 474 2925 ἕπεσθαι.
499 2875 559 2925 Μο-

80 2949 140 3007 nui,
167 2963 199 2996 ne
225 2946 282 3009 quis
306 2943 338 2992 dv
366 2961 425 2994 cunr
446 2943 558 2993 ἳιιεσθιιι

81 3014 284 3068 connectendum
303 3017 385 3074 putet.

118 3083 156 3129 Tt
181 3081 251 3137 tal,
280 3073 300 3126 ὦ
331 3079 364 3127 Κ.
394 3075 451 3124 οὐκ
483 3075 557 3137 ἀκη-

82 3143 561 3209 κόατε-]ΕεεέιοοΙοοοΒοοοΙε-

83 3220 155 3268 Ιιίιιε
177 3215 201 3264 in
229 3213 345 3262 Philoleo
375 3228 401 3275 p.
430 3209 478 3264 104
503 3226 560 3274 sqq.

82 3284 187 3348 collegit
206 3282 260 3332 lieri
278 3283 410 3345 potuisse,
435 3285 464 3330 ut
484 3279 559 3328 Plato

80 3357 130 3405 iam
150 3351 304 3402 adolescens
324 3350 482 3399 accuratiore
504 3347 559 3412 phi-

81 3420 215 3485 losophiae
244 3411 431 3481 Pythagoricae
469 3416 558 3466 notitia

81 3508 127 3557 per
139 3488 281 3539 Philolaum
301 3486 361 3536 olim
377 3485 472 3536 Thebis
484 3501 557 3534 com·

80 3564 211 3611 moratum
239 3555 406 3605 imbueretur.
444 3553 482 3603 De
505 3569 558 3616 qrro

79 3629 155 3679 nobis
173 3640 247 3675 secus
260 3622 368 3674 videtur.
405 3622 469 3671 Nam
488 3621 558 3685 quod

81 3699 203 3748 Socrates
222 3694 346 3744 Cebetem
371 3707 402 3740 ac
425 3689 558 3739 Simmiam

79 3767 235 3829 interrogat,
263 3760 440 3812 audiverinlne
462 3758 558 3822 aliquid

80 3851 95 3885 ο
113 3832 248 3892 Philoleo,
272 3835 365 3896 utpote
384 3827 481 3878 Thebis
501 3843 558 3877 ver-

81 3907 153 3963 sato,
179 3902 212 3951 de
231 3905 314 3949 morte
339 3896 498 3957 voluntaria,
523 3896 559 3946 illi

80 3976 168 4022 autem
203 3966 360 4033 respondent
398 3965 559 4030 improbasse

79 4037 184 4103 quidem
197 4037 268 4087 illum
288 4034 337 4085 hoc
355 4035 447 4085 mortis
465 4048 558 4098 genus,

78 4122 125 4158 nec
143 4112 230 4157 tamen
248 4104 388 4156 sentcntiae
404 4117 466 4154 ιιιοε
478 4102 557 4153 ratio-

613 2139 659 2172 nes
682 2124 751 2174 clare
771 2138 802 2172 ac
824 2122 962 2189 perspicue
980 2123 1094 2187 explica·

612 2193 690 2254 visse,
714 2199 754 2242 est
774 2191 798 2242 id
817 2194 935 2257 prolecto
956 2192 1091 2255 eiusmodi,

612 2266 639 2310 ut
658 2261 815 2311 contrarium
834 2263 944 2326 probare
963 2261 1089 2312 videatur.

611 2329 677 2380 Nam
706 2331 816 2393 primum
847 2330 949 2392 qrridem
975 2328 1092 2381 Thebani

612 2398 686 2448 amici
705 2403 833 2448 testantur
859 2397 955 2462 liquido
981 2396 1090 2448 Philolai

610 2467 736 2516 rationem
757 2467 805 2515 sibi
819 2467 944 2515 niarasisse
956 2465 1092 2515 obscurio-

611 2551 674 2586 rem.
710 2533 785 2584 Unde
803 2534 887 2597 colligi
905 2534 965 2583 licet
983 2547 1038 2582 cam
1058 2549 1091 2586 ne

611 2603 707 2653 Thebis
734 2601 837 2665 qrridem
862 2602 925 2652 satis
943 2607 997 2650 tum
1016 2600 1091 2653 inno.

610 2672 700 2723 tuisse.
749 2671 847 2721 Deinde
875 2669 999 2720 Socrates
1033 2671 1091 2736 ipso

611 2744 687 2792 claris
707 2739 791 2789 verilis
810 2738 906 2789 latetur
924 2739 972 2789 sibi
988 2741 1095 2805 sapien·

611 2812 645 2860 tis
669 2809 736 2859 illius
758 2807 901 2857 doctrinam
925 2811 1000 2873 plane
1019 2824 1093 2860 man·
1174 2847 1179 2854 .

612 2880 677 2927 sisse
704 2877 827 2937 ignotam.
871 2877 973 2927 Quibus
1005 2879 1091 2928 verbis

611 2946 690 2995 Plato
705 2943 806 2992 videtur
818 2945 960 3005 siguificare
977 2947 1092 2997 voluisse

611 3013 721 3061 Socrate
739 3012 798 3059 vivo
817 3014 912 3060 nullam
934 3011 994 3059 dum
1011 3013 1092 3062 ratio-

612 3080 650 3126 nis
669 3075 825 3126 Philolaicae
843 3072 959 3125 notitiam
980 3078 1092 3126 Athenas

612 3145 736 3208 perlatam
751 3142 839 3194 luisse.
868 3143 993 3193 Nimirum
1010 3152 1038 3195 ut
1053 3145 1093 3194 di-

612 3225 710 3272 camm,
730 3210 798 3274 quod
811 3212 885 3261 uobis
909 3210 1011 3262 ridetur
1031 3230 1092 3278 pro·

612 3280 705 3338 babile,
719 3294 780 3327 usus
792 3287 831 3329 est
845 3281 917 3330 Pluto
930 3280 968 3331 hic
984 3284 1090 3333 attilicio

611 3346 790 3410 callidissimo,
835 3364 886 3411 qno
928 3351 1089 3415 signiticaret,

610 3413 670 3480 qirid
708 3416 740 3466 de
778 3417 952 3482 disputatione
987 3421 1088 3474 Socrati

610 3486 705 3535 tributa
730 3487 891 3537 sentiendum
922 3490 999 3539 esset.
1041 3493 1089 3543 Cui

610 3568 689 3617 quum
722 3570 771 3602 non
801 3572 883 3620 pauca
914 3555 1088 3624 adscripserit,

610 3637 677 3686 qliae
697 3638 728 3672 ex
751 3623 882 3675 doctrinae
902 3625 1089 3693 Pythagoricae

610 3691 724 3742 fontibus
749 3692 825 3743 ducta
855 3699 928 3757 suut,
960 3694 1008 3747 hoc
1032 3699 1090 3748 loco

610 3759 657 3809 sibi
679 3759 824 3824 faciendum
853 3762 970 3826 putarit,
1002 3771 1031 3816 ut
1058 3781 1089 3815 ea

610 3829 792 3891 aliquomodo
817 3831 943 3883 iudicaret
966 3849 1018 3885 non
1036 3833 1089 3883 iam

610 3897 659 3962 ipsi
677 3896 782 3949 Socrati
801 3904 862 3949 nota
885 3899 978 3964 luisse,
1004 3899 1050 3949 scd
1073 3917 1089 3950 s

609 3970 694 4016 semet
712 3966 769 4031 ipso
782 3967 841 4018 inde
854 3968 964 4032 repetita
984 3982 1044 4017 esse
1061 3974 1088 4019 et

610 4047 657 4097 per
675 4033 771 4100 dialogi
788 4034 1011 4102 opportunitatem
1030 4029 1089 4088 huic

609 4102 778 4168 assignata·
