2604 4620
186 252 230 309 nn
568 247 815 308 Pannonis

189 429 260 501 τοῖς
294 416 378 488 οὕτω
413 420 626 502 διακειμένοις
649 414 795 504 μάλιστα
828 415 1001 505 opsequium
1054 414 1198 494 Πάντως

190 520 315 602 δήπου,
342 522 414 605 ἔφη.
469 515 601 586 Οὐκοῦν
633 521 689 586 καὶ
714 515 735 600 ἡ
762 517 961 610 σωφροσύνη
972 567 981 598 ,
1016 512 1058 596 ἢν
1084 520 1139 582 καὶ
1167 523 1199 582 οἱ

188 621 304 687 πολλοὶ
328 613 528 701 ὀνομάζουσι
554 615 790 706 σωφροσύνην,
829 617 866 685 τὸ
893 622 965 705 περὶ
994 613 1200 694 adelardu-

187 721 266 802 μίας
291 712 336 803 μὴ
361 721 564 800 ἐπτοῆσθαι,
590 716 664 786 ἀλλ’
697 716 862 810 ὀλιγώρως
883 722 965 805 ἔχειν
981 719 1037 784 καὶ
1050 721 1199 804 κοσμίως,

258 912 289 968 Ι),
325 913 362 961 nl
380 912 437 982 γὰρ
456 915 607 982 ἐθέλεις]
629 915 658 967 V.
676 913 819 980 ἐθελήσεις,
838 914 907 979 qnod
928 930 942 965 e
961 915 1039 966 Coial.
1059 913 1126 963 Tub.
1138 913 1198 963 Par.

191 979 273 1061 DHl.
294 985 361 1044 Aug.
383 982 452 1034 Flor.
471 999 494 1034 a.
514 983 541 1034 b.
561 999 582 1033 c.
601 983 625 1032 d.
646 984 662 1032 i.
683 1001 717 1036 m.
738 990 765 1034 et
784 1000 820 1049 pr.
841 985 905 1036 Ven.
919 983 955 1036 n.
976 989 1110 1033 mutatum.
1144 981 1200 1031 Tu-

190 1063 303 1098 rrcenses
321 1054 407 1098 tamen
426 1057 563 1100 servarunt
580 1052 718 1116 vulgatum.
737 1068 760 1104 v.
779 1068 835 1103 ann.

191 1232 284 1282 magno
303 1213 400 1266 honore
413 1213 545 1265 habendos
563 1232 621 1270 esse
640 1234 672 1270 ac
721 1225 823 1284 pterea,
845 1219 915 1283 quod
934 1232 985 1268 una
1003 1217 1124 1282 opinione
1142 1217 1201 1268 niti-

191 1287 323 1351 praeclare
334 1283 367 1334 de
380 1285 509 1334 communi
521 1287 605 1338 salute
616 1303 671 1339 me·
721 1294 764 1338 tur
782 1290 935 1353 longiusque
954 1285 1034 1335 distat
1053 1300 1069 1334 a
1086 1285 1202 1350 pbiloso-

192 1354 243 1404 reri
260 1353 396 1412 iudicavit,
424 1353 465 1415 qui
487 1352 604 1405 civitates
623 1357 671 1406 bo·
721 1356 828 1422 phorum
849 1357 957 1418 virtute,
977 1367 1043 1416 quae
1061 1369 1076 1402 a
1094 1353 1201 1402 scientia

192 1421 230 1470 nis
261 1421 359 1484 legibus
385 1426 560 1484 temperarent
589 1439 671 1487 eaque

191 1488 290 1538 ratione
312 1487 429 1536 homines
448 1487 480 1536 ad
505 1503 605 1541 morum
624 1492 670 1542 bo-

191 1560 321 1607 nestatem
340 1560 367 1606 et
390 1554 530 1606 olliciornm
549 1560 672 1610 sanctita-

191 1631 244 1674 tem
264 1624 397 1674 colendum
417 1623 596 1689 perducerent.
633 1628 671 1678 De

192 1707 241 1754 qna
266 1707 294 1742 re
312 1709 335 1745 v.
354 1692 443 1757 Symp.
462 1709 486 1757 p.
506 1691 565 1746 209.
589 1697 620 1746 Α.
639 1697 670 1746 Ι).

192 1759 270 1826 Deip.
290 1761 335 1812 Vl.
348 1777 372 1826 p·
388 1760 447 1813 500.
461 1762 493 1812 D.
507 1761 562 1814 Vll.
573 1781 599 1828 p.
612 1763 687 1826 518„

193 1828 224 1878 D.
268 1833 353 1894 Atque
389 1827 452 1880 lianc
487 1830 520 1881 ob
557 1847 673 1884 caussam

194 1899 270 1948 etiam
289 1897 362 1964 ipse,
383 1912 458 1963 quum
476 1900 537 1950 olim
559 1900 675 1952 finxisset

194 1983 248 2018 earn
266 1967 459 2031 rempublicam,
479 1968 572 2032 inqua
591 1972 674 2020 nullus

194 2035 293 2097 legibus
310 2035 383 2083 locus
402 2042 473 2084 esset
498 2041 524 2085 et
543 2036 675 2096 perlecto-

194 2115 250 2149 rum
274 2101 426 2162 sapientium
450 2103 516 2151 ratio
545 2107 675 2166 tamquam

194 2164 275 2227 νόμος
293 2167 409 2232 ίμψιιχος
436 2169 489 2232 (De
507 2169 575 2232 Rep.
594 2170 637 2223 lv.
650 2187 675 2234 p.

194 2233 254 2286 423.
273 2237 304 2285 D.
324 2251 378 2298 sqq.
399 2235 501 2285 Politia.
514 2253 538 2300 p.
551 2235 608 2288 294.
627 2238 675 2302 Α.)

195 2303 271 2352 rrrrice
290 2305 401 2365 ualeret,
420 2308 512 2368 postea
530 2303 674 2358 laciendum

146 2378 149 2385 “
194 2371 293 2435 statuit,
313 2377 341 2421 ut
359 2387 424 2436 opus
447 2371 546 2435 Legum
565 2389 673 2439 compo-

194 2445 284 2503 neret,
320 2440 344 2490 in
373 2443 423 2504 quo
458 2441 572 2505 optimae
604 2443 675 2506 leges

193 2515 407 2574 proponerentur,
425 2523 491 2573 quae
504 2516 591 2560 essent
604 2525 674 2560 men-

193 2577 228 2626 tis
254 2577 413 2639 rationisque
443 2582 576 2640 tamquam
606 2579 675 2627 rica—

194 2647 262 2704 riae,
281 2645 393 2706 ideoque
413 2644 600 2695 adiuvandam
620 2651 674 2695 sta-

194 2712 381 2775 biliendamque
389 2728 550 2763 communem
562 2714 674 2763 omnium

195 2780 286 2829 cisium
311 2782 421 2832 salutem
441 2782 633 2833 saluberrimae.
650 2796 673 2831 v.

192 2847 343 2925 Legg31V.
369 2865 394 2913 ρ.
420 2849 480 2903 713.
506 2850 537 2900 E.
559 2849 618 2904 715.
643 2849 676 2901 Β.

192 2915 250 2968 Xll.
269 2933 293 2981 p.
312 2918 372 2970 957.
406 2918 460 2969 Sed
485 2919 547 2970 baec
573 2919 605 2970 de
623 2918 674 2969 vir-

193 2992 248 3038 tute
267 2986 335 3038 cirili
353 2993 379 3037 ct
393 2989 518 3053 populari.
555 2987 673 3038 Tertium

193 3061 326 3121 praeterea
349 3057 452 3106 virtutis
482 3072 564 3122 gersus
597 3056 674 3107 Plato

193 3125 265 3187 quasi
306 3123 441 3176 fortuitum
488 3142 547 3176 esse
584 3125 676 3187 voluit,

194 3193 288 3255 quippe
316 3194 386 3255 quod
404 3196 581 3244 contineretur
599 3200 675 3242 natu-

194 3273 237 3306 rae
257 3264 283 3306 et
299 3259 393 3318 ingenii
412 3259 521 3322 qu'adam
540 3261 674 3322 felicitate,

193 3337 258 3384 quae
277 3324 338 3387 qnid
358 3341 464 3386 rerum,
483 3327 576 3376 boumn
598 3333 675 3389 atque

194 3390 255 3440 utile
275 3397 353 3452 esset,
373 3393 435 3441 mira
448 3391 569 3442 facilitate
590 3400 617 3442 et
631 3410 676 3443 ce-

192 3457 293 3508 leritate
311 3459 452 3522 reperiret,
477 3459 590 3524 ideoque
609 3459 673 3510 illud

192 3526 281 3576 tribuit
300 3528 360 3586 θείᾳ
389 3527 439 3574 τινὶ
456 3529 543 3593 μοίρᾳ.
580 3526 676 3579 Nititur

193 3593 269 3656 igitur
293 3594 353 3644 illud
380 3596 487 3646 niaxime
524 3602 595 3645 recte
620 3596 674 3660 opi·

193 3662 269 3711 nandi
292 3663 452 3727 feliciterque
477 3663 606 3713 ‹lirinandi
638 3664 675 3715 lia-

201 3730 312 3793 cultate,
342 3746 419 3794 quam
450 3729 567 3784 εὐδοξίαν
589 3739 674 3791 vocat.

193 3798 228 3864 (r.
248 3799 353 3851 Metron.
372 3816 396 3864 p.
412 3797 454 3853 nn.
471 3799 614 3854 n.-100.
630 3802 676 3868 D.)

194 3867 319 3936 habetque
349 3874 478 3919 rectam
513 3869 677 3933 opinio·

192 3951 260 3990 nem
291 3934 381 4000 (δόξαν
405 3935 507 4002 ὀρθήν)
532 3937 629 3988 sociam
651 3944 678 3990 et

722 1430 748 1474 et
777 1424 922 1488 cognitione
955 1419 1112 1487 (ἐπιστήμῃ)
1140 1435 1202 1486 pro·

721 1494 859 1552 ficiscitur,
878 1491 987 1540 subinde
1004 1489 1102 1538 urbane
1122 1489 1201 1538 caril-

723 1563 804 1624 latur,
830 1559 917 1610 ridens
940 1557 1060 1609 videlicet
1077 1557 1147 1606 viros
1164 1556 1202 1606 ci-

721 1631 798 1692 viles,
824 1629 941 1691 aliosque
964 1625 989 1677 id
1014 1639 1096 1689 genus
1119 1623 1202 1674 bomi-

722 1712 778 1759 nes,
795 1698 839 1747 tali
859 1697 953 1746 uirtute
972 1693 1087 1743 fastuose
1109 1707 1202 1757 super-

723 1765 838 1826 bientes,
862 1763 939 1813 sicuti
964 1761 993 1811 nt
1018 1761 1088 1813 Men.
1113 1776 1138 1825 p.
1160 1759 1201 1814 llll.

725 1833 755 1886 C.
774 1833 807 1884 D.
827 1833 859 1883 Ε.
875 1831 920 1886 89.
941 1830 971 1882 D.
991 1831 1065 1895 Apol.
1080 1827 1159 1894 p.2l.
1174 1829 1203 1877 C.

725 1902 829 1954 Politia.
849 1918 874 1967 p.
891 1899 951 1953 297.
972 1898 1002 1951 B.
1021 1911 1092 1961 sqq,
1117 1902 1203 1945 tamen

726 1985 758 2020 ne
776 1969 840 2020 illud
855 1967 959 2034 quidem
974 1981 1019 2016 sua
1029 1963 1105 2016 laude
1115 1977 1204 2013 carere

726 2037 872 2087 arbitratur.
930 2035 1057 2087 Nimirum
1099 2032 1204 2082 similem

727 2119 786 2154 esse
805 2107 857 2154 vult
869 2104 943 2152 liuius
957 2103 1059 2153 virtutis
1078 2101 1204 2151 rationem

725 2177 804 2234 atque
822 2177 908 2221 rectae
925 2170 1060 2234 opinionis.
1097 2169 1205 2234 Opinio·

725 2253 771 2288 nea
790 2240 855 2288 enim
874 2235 979 2303 (δόξας)
1004 2236 1053 2285 etsi
1072 2236 1104 2284 ad
1122 2237 1205 2287 scien-

725 2306 775 2356 tiae
803 2306 947 2357 firmitatem
980 2308 1007 2353 et
1036 2305 1205 2354 constantiam

725 2380 889 2439 comparatas
907 2372 977 2438 parvi
1003 2385 1065 2420 sanc
1083 2371 1204 2420 aestima-

725 2443 774 2506 rit,
798 2445 833 2492 ita
856 2448 885 2491 ut
908 2454 959 2491 non
986 2437 1141 2489 dubitaverit
1166 2439 1204 2488 De

725 2511 793 2575 Rep.
820 2510 861 2562 Vl.
888 2526 913 2575 p.
938 2506 996 2561 506.
1022 2505 1051 2554 C.
1074 2506 1143 2556 Meu.
1162 2504 1204 2558 97.

726 2579 755 2629 C.
775 2581 806 2629 D.
832 2594 876 2629 eas
901 2590 994 2627 coecas
1013 2573 1098 2625 dicere
1121 2579 1147 2624 et
1165 2575 1206 2624 vel

726 2645 961 2712 praestantissimas
984 2657 1072 2693 earum
1090 2642 1205 2706 turpitu-

726 2714 786 2765 dine
802 2713 909 2764 al'fectas
923 2711 1051 2772 iurlicare3
1070 2717 1156 2761 lamen
1174 2710 1205 2758 il-

726 2784 763 2835 las
782 2797 829 2847 per
847 2797 876 2832 se
897 2784 1027 2846 spectatos
1056 2779 1119 2828 item
1136 2777 1206 2827 insta

726 2851 880 2917 ponderavit
899 2852 979 2909 lance7
998 2845 1207 2911 quandoquidem

724 2919 803 2970 facire
822 2917 948 2969 intellexit
972 2915 1049 2966 vitam
1073 2914 1206 2964 humanam

726 3003 776 3038 non
795 3002 843 3037 una
856 2985 970 3046 scientia,
990 2983 1036 3033 sed
1055 2983 1132 3032 etiam
1151 2982 1207 3046 opi-

725 3057 802 3108 nione
820 3062 897 3118 atque
916 3052 1008 3119 ingenii
1022 3051 1138 3101 bonitate
1153 3049 1207 3113 regi

726 3131 803 3188 atque
821 3121 956 3189 gubernari
985 3136 1009 3170 v.
1029 3118 1160 3170 Pltaedon.
1180 3133 1207 3182 p.

725 3194 769 3247 85.
794 3194 824 3243 C.
849 3192 933 3255 ibique
960 3204 1016 3239 artur.
1053 3189 1142 3250 ltaque
1161 3201 1208 3235 nec

726 3261 828 3310 tertium
852 3259 901 3310 boc
927 3272 1008 3322 genus
1036 3253 1152 3314 virtutis,
1182 3253 1208 3302 in

726 3327 849 3391 singulari
868 3325 977 3389 quadam
998 3328 1070 3374 recte
1088 3319 1207 3385 opinandi

726 3395 850 3444 facultate
868 3394 998 3457 positum,
1020 3404 1068 3453 per
1085 3404 1114 3437 se
1133 3401 1207 3450 sper-

726 3461 838 3513 nendum
857 3460 903 3510 sed
924 3461 949 3510 in
967 3458 1058 3506 divinis
1076 3454 1208 3505 beneficiis

726 3528 914 3581 numerandum
945 3524 1090 3586 iudicavit,
1130 3526 1207 3585 atque

727 3600 805 3648 θείαν
824 3597 901 3663 φύσιν
920 3592 1027 3642 subinde
1046 3606 1104 3640 cnm
1123 3588 1207 3640 admi-

726 3667 828 3717 ratione
854 3659 1077 3719 comannorum,
1110 3664 1138 3708 ut
1168 3657 1207 3707 De

727 3736 795 3800 Rep.
817 3733 847 3784 ll.
867 3748 893 3797 p.
911 3726 970 3783 366.
989 3727 1020 3778 C.
1041 3724 1086 3776 VI.
1104 3742 1129 3791 p.
1147 3723 1207 3778 lna.

727 3807 759 3854 A.
793 3803 851 3853 coll.
883 3815 907 3864 p.
937 3793 996 3848 402.
1030 3795 1059 3844 Α.
1089 3791 1150 3875 tna.
1174 3793 1206 3846 Β.

726 3861 1206 3994 insanin.insulana

192 4006 351 4060 adiutricem.
393 4006 470 4059 Quod
489 4004 606 4069 lquidem
627 4005 678 4056 vir·
728 4009 784 4068 eal,
813 4007 842 4054 ut
870 3999 1008 4065 αὐτοφυῶς
1036 3999 1099 4062 θείᾳ
1126 3999 1207 4064 μοίρᾳ

190 4078 252 4129 torn
275 4093 355 4143 genus
370 4073 418 4131 etsi
436 4071 600 4141 philosophas
618 4087 679 4137 pro·
728 4070 831 4136 ἀγαθοί
853 4067 968 4121 extitisse
993 4067 1116 4119 dicantur.
1154 4065 1207 4115 Sed
