2604 4620
210 269 232 329 4
593 263 842 324 th'sllNlS

212 428 456 523 ὧἘχέκρατες.
508 439 581 502 EX.
638 440 678 503 'n‘
713 426 773 502 οὖν
799 432 838 516 δή
866 443 952 503 ἐστιν
978 435 1066 504 ἅττα
1095 438 1229 506 ainerti

212 533 300 624 ἀνὴρ
327 530 392 623 πρὸ
428 539 488 602 τοῦ
512 533 698 623 θάνάτουῇ
737 539 791 603 καὶ
826 540 894 614 πῶς
928 536 1097 620 traianum
1131 535 1231 619 ἡδέως

280 801 312 853 P.
331 800 373 852 57.
410 797 511 862 ἡδέως
533 799 595 866 γὰρ
614 799 651 850 ἃν
669 799 862 866 ἀκούσαιμι]
882 800 958 850 Bodt.
978 799 1036 851 vat.
1054 802 1141 856 Ambr.
1156 801 1227 854 Flor.

211 868 237 923 d.
256 875 282 920 et
300 884 353 920 rec.
372 869 434 921 Ven.
456 868 559 933 11.ὴώ
582 874 642 920 ante
669 869 815 936 ἀκούσαιμι
841 869 1020 934 interponunt,
1043 869 1112 934 quod
1140 877 1227 922 tamen

212 1070 275 1122 Sic.
293 1068 364 1120 xlv.
382 1065 425 1122 83.
447 1067 589 1118 isocrat.
607 1067 693 1118 Pane-

212 1131 314 1203 pyr.sc.
338 1133 380 1189 33.
409 1141 435 1186 et
452 1134 494 1187 40.
524 1134 692 1188 Demosth.

212 1206 272 1258 adv.
292 1205 396 1270 Leptin.
415 1202 489 1265 §.lt
509 1203 594 1266 ihique
612 1205 692 1268 intpp.

212 1274 318 1339 Quippe
344 1278 404 1338 post
422 1287 532 1336 pugnarn
555 1271 587 1320 ad
607 1272 690 1321 Coro-

212 1357 298 1400 neam,
317 1348 345 1390 nt
358 1341 394 1391 ait
409 1339 521 1404 Nepos
540 1340 556 1388 l.
568 1357 599 1401 a,
617 1355 694 1390 omne

211 1410 306 1460 bellum
329 1409 449 1459 collatum
476 1413 517 1457 est
550 1408 617 1458 circa
640 1409 693 1457 Co-

212 1476 331 1527 rinthum·
367 1474 444 1527 Quod
471 1475 504 1524 ita
527 1477 612 1525 evenit
634 1475 694 1526 inde

212 1540 543 1608 abotymp.96.3.=394.
559 1559 581 1595 a.
595 1543 655 1592 Chr.
669 1559 692 1593 n.

213 1613 303 1676 ltaque
325 1611 394 1662 circa
418 1610 466 1661 hoc
489 1616 607 1675 tempus,
633 1612 649 1661 i.
670 1628 693 1662 e.

213 1682 324 1744 quinque
340 1694 419 1730 sexve
437 1678 509 1728 annis
527 1685 587 1742 post
599 1680 707 1730 Socra-¹

212 1748 247 1799 tis
265 1747 377 1806 obitum,
400 1748 556 1811 colloquium
576 1747 696 1798 Phliunte

214 1815 327 1868 habitum
350 1815 411 1878 tingi
436 1822 565 1880 putamus.
608 1815 696 1866 Enim-

215 1899 278 1936 vero
306 1889 361 1934 tum
383 1881 540 1935 Echecrates
558 1898 648 1935 recens
672 1884 696 1933 in

216 1967 273 2003 eam
293 1953 382 2002 urbem
397 1952 500 2002 venisse
513 1951 696 2001 existimandus

215 2025 266 2081 est,
285 2018 405 2080 adeoque
424 2019 527 2068 curiose
545 2019 695 2081 anquisivis-
718 2024 725 2046 ⁸

215 2100 253 2147 se,
273 2084 363 2147 ecquid
382 2085 477 2133 certius
495 2085 528 2134 de
542 2085 639 2134 ultimis
651 2085 697 2133 viri

214 2151 394 2216 sapientissimi
429 2150 502 2202 dictis
524 2157 601 2214 atque
624 2151 697 2201 tactis

213 2219 356 2271 resciscere
379 2223 478 2282 posset.
514 2218 594 2271 Quod
618 2234 696 2281 quum

213 2287 273 2337 belli
291 2287 416 2336 tumultus
434 2285 529 2336 diutius
550 2285 695 2351 prohibuis-

189 2359 286 2416 -·sent‚
311 2359 457 2419 opportune
488 2354 592 2414 cecidit,
625 2353 696 2418 qnod

213 2421 318 2474 tandem
354 2427 481 2472 recentem
520 2422 695 2486 Peloponnesi

212 2490 321 2541 incolam
355 2488 462 2546 Phaedo
490 2489 575 2540 invisit
604 2489 693 2552 Eleos,

212 2558 256 2622 qui
276 2558 299 2607 ei
318 2557 446 2620 narravit,
464 2573 531 2621 quse
549 2559 694 2608 accuratius

212 2625 301 2675 audire
319 2623 414 2675 dudum
433 2625 508 2675 avide
529 2626 693 2690 concupivis-

211 2698 261 2743 set.
304 2692 385 2742 Cuius
416 2693 558 2743 sententiae
587 2701 692 2745 nostrae

211 2759 286 2810 etiam
313 2759 358 2810 has
391 2776 498 2811 caussas
522 2766 549 2812 et
578 2763 691 2813 rationes

209 2825 342 2878 habemns.
377 2827 478 2880 Etenim
502 2830 611 2894 primum
635 2831 691 2894 qni-

209 2894 269 2947 dem
293 2897 449 2961 colloquium
475 2898 605 2960 aliquanto
632 2904 693 2963 post

163 2962 176 2985 ¹
209 2962 328 3015 Socratis
354 2966 596 3017 condemnationem
621 2967 691 3018 hahi-

208 3037 264 3083 tum
287 3033 347 3097 lingi
377 3034 516 3087 verisimile
537 3036 566 3084 tit
592 3051 625 3086 ex
643 3051 691 3101 po-

209 3107 306 3152 strema
332 3101 481 3154 Phaedonis
503 3110 576 3168 parte
600 3121 622 3156 c.
649 3104 691 3156 67.

209 3183 235 3230 p.
256 3169 332 3230 tre,
356 3172 399 3219 nbi
424 3171 531 3221 Plraedo
555 3173 690 3223 Socratem

208 3232 341 3293 praedicat
352 3239 472 3296 tanquam
485 3237 564 3287 virum
576 3240 689 3288 omnium

206 3297 347 3359 optimum,
366 3312 432 3360 quos
456 3307 548 3362 tum,
571 3319 618 3366 qu
635 3320 690 3352 um

207 3376 223 3410 o
236 3361 247 3410 i
255 3378 272 3412 o
282 3378 296 3413 s
307 3379 322 3411 r
334 3379 348 3413 e
360 3368 386 3425 t,
427 3381 474 3415 nau
513 3369 690 3430 cognoverint.

206 3428 286 3478 Quod
309 3429 365 3493 quis
393 3439 433 3482 est
457 3432 517 3496 quin
542 3441 634 3498 sponte
651 3436 688 3485 vi-

205 3494 267 3545 deat
289 3497 324 3546 ita
346 3495 443 3549 dictum
473 3515 547 3562 ease,
579 3509 607 3552 ut
636 3504 686 3552 iam

204 3562 306 3626 longius
331 3567 457 3629 temporis
487 3569 598 3630 spatium
628 3570 686 3621 inde

204 3629 238 3678 ab
257 3630 312 3679 eins
340 3630 411 3681 obitu
439 3633 571 3685 effluxisse
589 3637 686 3699 signiti-

205 3696 299 3747 cetnr‘t
334 3696 460 3750 Nimirum
472 3702 496 3751 in
512 3717 605 3766 magno
626 3721 685 3769 pro-

203 3763 274 3815 l'ecto
309 3764 434 3829 opinionis
468 3784 555 3820 errore
591 3775 685 3823 versati

203 3839 263 3883 snut
285 3833 328 3896 qui
357 3848 419 3886 eum
451 3837 534 3887 locum
563 3845 686 3903 putarunt

202 3901 264 3952 vin‘o
282 3900 406 3975 allectum
426 3919 494 3969 esse,
512 3912 590 3968 quem
609 3909 685 3972 longe

202 3984 262 4020 esse
272 3967 483 4035 sincerissimum,
502 3986 570 4025 nuuc
581 3975 684 4026 taudem

201 4034 373 4101 disputatione
389 4044 478 4090 nostra
491 4040 684 4093 evidentissime

199 4100 419 4159 demonstravisse
435 4107 559 4161 vldemnr.
584 4109 684 4163 Deinde

744 1068 815 1130 quod
841 1067 1003 1120 Echecrates
1029 1089 1054 1136 p.
1073 1071 1115 1125 58.
1134 1074 1166 1123 Α.
1184 1087 1229 1122 cu-

744 1135 814 1185 riose
838 1135 986 1201 sciscitatur
1009 1136 1042 1188 de
1074 1140 1231 1191 solemnibus

744 1202 811 1252 inter
825 1201 897 1250 Delia
915 1202 1020 1252 Athenis
1033 1208 1146 1270 usitatis,
1160 1214 1232 1258 certe
1280 1246 1283 1253 -

745 1285 795 1319 non
814 1274 956 1333 potnerunt
977 1271 1017 1320 illa
1037 1274 1060 1322 ei
1080 1274 1167 1337 ignota
1188 1291 1231 1324 es-

745 1354 790 1399 se,
814 1338 855 1400 qui
880 1336 930 1386 iam
950 1337 1046 1388 diutins
1065 1340 1088 1389 in
1108 1342 1230 1406 Sicyonia

745 1404 912 1455 habitavisset
937 1411 981 1455 ant
1004 1407 1038 1456 ihi
1064 1415 1138 1458 natus
1157 1415 1233 1459 esset

745 1480 822 1537 atque
842 1472 977 1524 educatus.
1015 1475 1054 1526 Eu
1078 1492 1129 1540 quo
1158 1478 1230 1528 colli-

745 1542 829 1606 gimus
866 1541 1049 1606 Eclrecratern,
1078 1559 1130 1607 qno
1162 1550 1230 1596 tem-

746 1626 810 1675 pore
828 1625 915 1660 sermo
934 1609 1035 1660 habitus
1053 1620 1110 1675 est,
1137 1627 1230 1663 recen-

747 1684 799 1728 tem
823 1679 847 1728 in
873 1678 1055 1743 Peloponneso
1080 1679 1159 1730 fuisse
1182 1680 1230 1730 ad-

746 1762 855 1809 venam,
877 1761 955 1810 quem
976 1747 1168 1797 Atheniensium
1187 1764 1231 1799 sa-

747 1828 806 1878 cra,
841 1815 956 1878 quamvis
990 1816 1141 1879 ceteroquin
1166 1818 1230 1868 satis

747 1890 809 1933 nota
833 1898 863 1933 nc
887 1884 1030 1946 celebrata,
1056 1884 1138 1934 adimo
1165 1887 1231 1936 late·

747 1956 811 2004 rent.
849 1953 932 2015 Atque
955 1950 1018 2002 haec
1043 1952 1064 2002 si
1091 1952 1231 2017 probahili-

746 2024 786 2067 ter
818 2014 1022 2083 disputavimus}
1053 2021 1149 2071 certius
1179 2021 1231 2072 iam

748 2084 839 2147 opinor
866 2087 942 2134 etiam
964 2087 996 2136 de
1015 2093 1134 2153 tempore
1152 2086 1230 2139 habiti

748 2151 867 2213 colloquii
902 2155 1038 2202 constabit.
1093 2155 1171 2208 Quod
1209 2157 1229 2207 si

746 2218 864 2281 qnaeris,
900 2233 945 2269 cur
969 2220 1045 2269 Plato
1073 2222 1097 2270 in
1114 2223 1230 2288 4ΟΙγιῐψ.

747 2285 788 2338 96,
809 2283 833 2338 3.
853 2287 891 2335 vel
910 2285 935 2337 4.
958 2288 1134 2352 transtulerit,
1153 2304 1229 2340 cans-

747 2369 789 2403 saa
806 2353 843 2404 rei
862 2353 976 2404 videmur
996 2357 1058 2404 satis
1076 2354 1183 2408 idoneas
1203 2359 1228 2408 in

747 2421 859 2472 medinm
873 2422 966 2472 afferre
978 2438 1064 2487 posse.
1095 2423 1161 2474 Nam
1176 2427 1228 2490 pri·

745 2504 814 2540 nrum
834 2489 938 2553 quidem
958 2491 992 2540 ita
1004 2491 1121 2542 Socratis
1139 2494 1228 2545 ultima

744 2558 813 2608 lacta
831 2565 908 2622 atque
927 2559 1004 2610 verba
1019 2568 1154 2611 narrantur
1174 2563 1228 2613 viro

744 2624 939 2690 haudquaquam
960 2627 1066 2692 vulgari,
1088 2627 1134 2678 sed
1153 2633 1227 2693 gravi

744 2694 894 2759 philosopho
931 2696 1011 2758 ,eique
1050 2694 1227 2761 Pythagoreo.

743 2764 791 2812 Cui
809 2763 868 2826 qnid
883 2763 984 2814 tandem
1000 2764 1105 2813 suavius
1123 2769 1170 2815 ant
1187 2766 1226 2817 in·

744 2831 854 2881 cundins
866 2847 925 2882 esse
941 2833 1059 2896 potuisse
1071 2832 1233 2896 putabimus.

743 2915 820 2962 quam
840 2900 1001 2951 Socraticam
1021 2901 1054 2949 dc
1072 2901 1225 2952 immortali-

743 2974 796 3018 tate
833 2969 974 3019 animornm
1013 2968 1224 3033 disputationem,

742 3036 838 3101 quippe
857 3052 923 3100 quac
940 3037 966 3086 id
985 3045 1163 3100 argumentum
1183 3044 1223 3087 at·

743 3105 869 3169 tingeret,
894 3105 963 3170 qnod
987 3104 1150 3170 multiplicem
1178 3103 1223 3155 ha-

742 3173 816 3223 beret
834 3190 892 3224 cum
912 3171 1083 3238 Pythagorica
1107 3171 1223 3224 doctrina

743 3245 768 3286 et
786 3243 885 3291 ratione
902 3241 1107 3292 coniunctionem
1132 3245 1159 3290 ct
1175 3255 1222 3291 ne-

742 3306 947 3358 cessitudinem?
991 3308 1060 3362 Quin
1094 3308 1169 3358 etiam
1200 3311 1222 3359 si

737 3383 802 3429 vera
827 3380 886 3422 sunt
908 3390 975 3437 quae
1003 3392 1081 3442 snpra
1106 3392 1121 3427 e
1144 3376 1223 3428 lam-

740 3435 848 3488 bliclro
880 3446 906 3488 et
930 3443 1080 3506 Diogene
1109 3444 1142 3495 de
1170 3446 1223 3510 Py·

739 3501 870 3568 thagoreis
887 3509 1035 3572 retulimus,
1062 3517 1146 3563 totum
1165 3529 1223 3563 ser-

739 3585 842 3622 monem
861 3589 946 3624 coram
963 3575 1133 3640 Pythagoreis
1149 3580 1222 3632 Phli-

738 3643 800 3688 unte
822 3642 986 3691 versantibus
1013 3652 1142 3695 narratum
1161 3649 1222 3713 fingi

738 3705 877 3759 admodum
903 3707 1043 3757 verisimile
1068 3716 1118 3762 est.
1154 3710 1220 3765 Num

737 3787 815 3836 qunur
844 3775 912 3840 apnd
941 3772 1125 3838 satientatem,
1166 3793 1220 3842 qno

737 3846 854 3907 tempore
878 3840 985 3893 Phaedo
1021 3841 1044 3891 ei
1068 3840 1101 3891 de
1124 3845 1219 3898 ultimis
1293 3888 1296 3893 .

736 3908 853 3961 Socratis
880 3909 959 3961 rebus
988 3910 1217 3973 exposuissem

735 3973 852 4040 hospites
876 3982 1026 4042 praesentes
1043 3978 1150 4031 affuisse
1170 4000 1217 4049 ap.

737 4049 827 4108 pareat
852 4058 885 4094 eu
906 4060 932 4109 p.
950 4046 992 4099 57.
1012 4044 1043 4099 B.
1063 4047 1105 4101 58.
1135 4052 1165 4102 A.
1184 4053 1215 4106 Ι).

735 4106 783 4174 (ὥς
793 4115 942 4178 σαφίστατα
961 4113 1019 4184 q‘pi
1025 4134 1037 4163 ν
1049 4112 1214 4183 ἀπαγγεῖλαι,
1265 4112 1273 4123 ’
