2604 4620
365 281 577 344 suanno.
601 302 629 362 p.
656 283 727 347 us.
749 234 792 344 ss

1010 284 1071 345 251

45 459 179 545 mituli}
205 458 381 542 perionius·
418 450 441 520 ti
478 452 517 536 δὴ
552 459 607 520 καὶ
633 450 693 539 ἐχώ
721 449 859 540 εύχομαί
884 457 917 521 τε
943 458 997 521 καὶ
1023 462 1074 540 pt·
1118 441 1152 523 x(

57 585 153 629 νοιτο
181 553 298 648 ταύτῃ.
351 557 420 620 Καὶ
446 549 519 638 ἅμα
547 549 647 621 ελπών
664 557 771 620 ταῦτα
788 551 1000 640 ἐπισχόμενος
1019 561 1075 623 καὶ

56 657 151 749 μύλα
180 653 319 745 εὐχερῶς
344 657 399 720 καὶ
423 651 563 730 εὐκόλως
589 653 700 734 ἐξέπιε.
735 658 789 721 καὶ
814 651 908 739 ἡμῶν
936 660 967 721 οἱ
994 660 1074 720 πολ·

57 763 111 829 λολ
145 763 224 834 τέως
255 759 316 842 μὲν
351 756 497 831 ἐπιεικῶς
524 748 589 821 οἷοί
615 779 649 820 τε
677 743 763 835 ἦσαν
789 761 936 840 κατέχειν
961 750 998 821 τὸ
1027 752 1073 840 μὴ

58 855 228 947 δακρύειν,
264 853 307 932 ὡς
339 857 373 921 δὲ
410 852 539 939 εἴδομεν
574 852 717 921 πίνοντα
747 853 863 920 τεκαὶ
889 853 1073 933 πεπωκότα,

58 958 182 1036 οὐκέτι,
217 952 290 1022 ἀλλ’
329 955 409 1039 ἐμοῦ
435 979 470 1038 χε
496 957 555 1039 βία
580 957 635 1020 καὶ
661 952 766 1021 αὐτοῦ
795 953 935 1020 ἀστακτὶ
963 950 1073 1043 ἐχώρει

57 1055 100 1126 τύ
128 1053 272 1145 δάκρυα,
311 1050 389 1131 ὥςτε
416 1050 689 1145 ἐγκαλυψάμενος
716 1051 883 1122 ἀπέκλαον
906 1050 1071 1140 ἐμαυτόν

59 1156 99 1226 ού
126 1153 191 1245 χὰρ
217 1152 257 1236 δὴ
284 1151 408 1221 ἐκεῖνόν
432 1179 476 1239 χε,
500 1149 586 1219 ἀλλὰ
614 1149 675 1233 τὴν
695 1156 841 1239 ἐμαυτοῦ
858 1152 970 1238 τύχην,
995 1160 1070 1221 οἴυυ

59 1252 184 1343 ἀνδρὸς
217 1259 352 1342 ἑταίρου
388 1258 599 1339 ἐστερημένος
633 1252 712 1334 siqu.
748 1251 766 1320 ὁ
802 1256 835 1319 δέ
862 1257 996 1342 Κρίτων
1025 1259 1070 1321 ἐτι
1099 1262 1123 1321 D

57 1354 219 1445 πρότερος
256 1357 352 1441 ἐμοῦ,
386 1349 494 1433 ἐπειδὴ
531 1351 591 1438 ούχ
631 1351 701 1431 οἶός
725 1352 759 1418 τ’
788 1342 830 1434 ἦν
855 1361 1000 1439 κατέχειν
1026 1348 1068 1419 roi

58 1454 198 1545 δάκρυα,
224 1455 387 1535 ἐξανέστη.
411 1449 659 1540 Ἀπολλόδωρος
685 1455 719 1519 δέ
745 1456 800 1519 καὶ
825 1460 861 1520 ἐν
885 1456 931 1537 τῷ
948 1462 1070 1539 ἐμπρο-

59 1560 163 1624 orias·
174 1551 284 1641 χρόνῳ
314 1552 412 1621 οὐδὲν
438 1550 580 1619 ἐπαύετο
598 1552 760 1639 δακρύων,
785 1556 840 1619 καὶ
858 1549 898 1634 δὴ
915 1559 970 1619 καὶ
995 1551 1069 1621 τότε

57 1653 393 1744 ολναβρυχησύμενος,
427 1650 538 1719 κλύων
564 1656 620 1718 καὶ
644 1650 844 1734 ἀγανακτῶν
870 1651 986 1719 ούέἐνα
1010 1650 1070 1719 ’όν-

55 1781 132 1824 εινα
171 1753 211 1823 ού
249 1758 427 1822 κατέκλασε
464 1756 530 1819 τῶν
557 1748 752 1840 παρόντων,
789 1750 877 1833 πλήν
902 1777 936 1834 χε
963 1750 1069 1818 αὐτοῦ

125 1981 287 2034 ἀπέκλειον
302 1981 458 2048 ἐμαυτόν]
478 1981 509 2033 V.
527 1979 676 2031 ἆπέκλαιον.
695 1981 775 2034 Coisl.
794 1982 937 2034 ἐπέκλαιον.
955 1980 1016 2032 Par.
1035 1981 1068 2033 G.

53 2051 196 2119 ἀπέκλειον,
214 2051 283 2115 quod
303 2051 415 2104 Bekker.
435 2051 557 2102 restituit.

55 2153 154 2272 BkRD.
187 2150 299 2207 κλύων
330 2152 382 2201 καλ
414 2151 622 2219 ἆμανακτῶν]
664 2152 693 2203 V.
724 2150 831 2221 nialus,
862 2150 931 2215 quod
949 2149 1070 2201 ”mutavit

79 2238 93 2273 Θ
132 2236 168 2274 01⁸·

122 2322 238 2372 δ’ντινα
262 2321 302 2372 ού
326 2322 521 2389 κατέκλασε]
549 2322 592 2372 Sic
618 2320 697 2372 Coisi.
723 2320 780 2370 vat.
802 2320 867 2373 Ven.
892 2335 917 2373 a.
942 2320 968 2370 b.
994 2333 1016 2370 c.
1042 2317 1068 2368 d.

55 2388 129 2444 vind.
148 2393 178 2445 Y.
198 2391 260 2441 Par.
281 2389 394 2440 CGHl.
419 2391 509 2442 Ambr.
535 2391 602 2441 Flor.
628 2390 652 2440 b.
672 2388 696 2438 d.
716 2404 749 2438 m.
770 2393 796 2438 et
821 2402 887 2438 corr.
909 2386 984 2438 Bodi·
1007 2386 1068 2438 Vsu.

55 2459 81 2508 A
89 2459 124 2508 ss.
159 2460 245 2529 ¹Vulgo
264 2459 424 2509 nurtuiuuor.

592 2628 822 2678 crimaremnr.
847 2619 941 2688 Sopir.
958 2619 1068 2671 Pisiioct.

591 2695 650 2750 349,
670 2690 701 2744 ού
711 2691 793 2742 πολύν
809 2689 904 2755 χρόνον
914 2688 943 2748 μ’
964 2691 1071 2752 ἐπέσχον

590 2763 629 2832 μή
648 2781 679 2830 με
692 2762 842 2811 ναυστολεῖν
859 2757 935 2822 ταχύ.
956 2774 979 2810 v.
989 2758 1013 2807 H
1024 2772 1072 2808 er·

56 2624 289 2679 Gesammoite
330 2627 539 2679 Abisandiun-

55 2707 114 2757 gen
133 2698 181 2743 etc.
200 2710 224 2758 p.
242 2694 285 2749 89.
304 2696 368 2747 isano
386 2697 539 2763 interpreta-

56 2761 152 2824 tionem
184 2763 316 2827 repudiat,
351 2771 428 2829 atque
462 2767 540 2816 verba

58 2829 181 2893 explicat:
213 2832 340 2896 spiritu
366 2849 539 2899 represso,

56 2895 201 2960 irieoq‘ue
219 2913 283 2948 uno
310 2898 428 2951 isaustn
453 2901 538 2964 „den

56 2963 174 3014 Athem
201 2980 239 3013 an
265 2965 336 3016 sicit
361 2967 539 3031 issitend‚“

56 3034 112 3082 aiso
157 3031 213 3092 „iu
250 3033 376 3084 einem
412 3037 539 3099 Zuge.“

55 3095 135 3152 Quod
160 3098 234 3147 nobis
260 3114 310 3150 non
337 3104 432 3166 piacet.
473 3104 539 3154 Nam

55 3167 170 3233 primum
205 3163 378 3229 ἐπισχόμενος
414 3186 539 3235 nusquam

56 3236 91 3286 ita
112 3240 260 3298 usurpatur,
297 3236 397 3287 Deinde
422 3240 541 3303 quiquis

25 3319 30 3325 ·
56 3302 139 3369 possit
158 3317 210 3352 uno
229 3301 321 3353 haustu
344 3308 466 3369 poculum
485 3308 540 3358 ebi-

56 3372 119 3422 bare
137 3386 258 3435 represso
277 3372 377 3436 spiritu,
396 3388 447 3424 non
465 3376 541 3426 intei-

56 3439 165 3504 ligimns.
203 3439 319 3504 Denique
331 3441 401 3504 quod
420 3443 540 3494 iliacum

56 3512 145 3557 nostra
164 3508 378 3573 interpretatione
395 3518 484 3561 censet
495 3516 542 3576 pa·

57 3590 112 3625 rum
134 3578 272 3627 convenire
289 3579 333 3626 καλ
344 3584 404 3629 ante
415 3577 484 3642 μάλα
499 3577 542 3628 εὕ-

56 3648 136 3707 χερῶς
153 3645 295 3708 insertum,
318 3646 344 3695 id
365 3662 416 3710 quo
435 3647 490 3697 inre
506 3648 542 3696 ita

57 3717 168 3772 statuat,
200 3711 397 3778 haudquaquam
422 3715 541 3779 inteiligi-

56 3795 124 3834 mus,
161 3780 333 3846 Respondent
347 3783 415 3834 enim
428 3783 493 3832 inter
513 3798 542 3832 se

56 3846 115 3895 καλ
131 3845 203 3912 μύλα
221 3847 331 3916 εὐχερῶς
349 3851 401 3900 καὶ
418 3849 541 3907 εὐκόλως.

58 3915 155 3967 Verum
165 3921 205 3966 est
215 3917 303 3981 igitur,
313 3919 381 3983 quod
396 3921 531 3985 posuimus

90 3985 244 4046 κατέχειν
279 3985 313 4034 τὸ
350 3986 392 4053 μὴ
432 3987 539 4055 osup]

56 4051 111 4103 six
141 4051 239 4101 nobis
269 4057 460 4118 temperare
490 4074 541 4123 po-

57 4125 222 4181 teramus,
258 4134 321 4182 qno
358 4123 464 4174 minus
497 4129 542 4175 ln·

590 2848 693 2887 mann,
712 2829 744 2880 ad
764 2829 849 2894 Viget·
869 2845 893 2891 p.
910 2825 971 2880 810.
989 2842 1027 2890 sq.

624 2895 920 2966 ἐγκαλυψάμενος]
946 2911 983 2944 os
1004 2895 1071 2959 pai-

590 2971 637 3021 iio
656 2983 727 3018 meo
748 2966 938 3016 obvolvens.
958 2963 1071 3015 uDor-

590 3039 658 3088 vill.
676 3036 708 3086 ad
728 3033 823 3085 Charit.
841 3038 866 3096 ρ.
884 3031 943 3084 274.

624 3103 698 3152 οἱόυ
717 3099 856 3167 ἀνδρός]
875 3102 889 3150 i.
910 3117 932 3150 e.
953 3095 997 3148 δἐι
1016 3117 1072 3148 τοι·

591 3172 681 3223 ου’τσυ.
701 3187 725 3223 v.
741 3170 772 3218 aci
792 3168 888 3220 Criton.
908 3184 929 3218 c.
950 3169 970 3218 1.
1027 3216 1028 3220 ,

625 3243 655 3291 D.
693 3233 1073 3287 ούιλέναύντιναούκα-
1107 3264 1114 3282 ε

591 3305 747 3371 statuar]
776 3306 860 3358 Quam
883 3304 986 3355 codices
1004 3304 1073 3368 opti·

591 3377 626 3427 mi
653 3377 804 3425 confirmant
836 3374 970 3431 lectionem
998 3373 1073 3421 καιέ-

591 3447 681 3506 κλασε,
708 3459 722 3492 s
745 3440 913 3506 Stephano
937 3456 984 3506 pro
1005 3441 1072 3500 ruig.

591 3513 744 3562 ausinianos
772 3511 804 3560 de
829 3510 976 3559 coniectura
997 3509 1075 3557 resti-

591 3587 690 3640 tutam,
721 3578 828 3629 eandem
862 3578 966 3628 adiuvat
997 3576 1074 3639 etiam

593 3647 712 3711 ioquendi
731 3647 910 3707 consuetudo,
932 3659 1014 3709 neque
1033 3658 1075 3693 re·

594 3723 635 3765 rte
664 3716 768 3778 negarit
798 3714 967 3778 Wyttenb.
994 3729 1075 3759 κατα-

591 3784 653 3832 siais
688 3783 723 3832 ita
759 3783 908 3846 simpliciter
948 3777 1073 3843 usurpari.

593 3851 706 3902 Prorsus
724 3851 762 3900 sic
780 3850 890 3914 positum
911 3853 951 3896 est
969 3846 1074 3894 ἐπικλᾶν

595 3916 760 3970 Plutareir.
785 3918 836 3967 vit.
864 3915 955 3967 Perici.
981 3928 1004 3962 c.
1031 3909 1073 3964 37.

593 3986 608 4052 q‘
627 3991 747 4054 παροῦσα
761 3984 887 4046 Ιιλυςτυχλα
905 3986 939 4046 τῷ
958 3979 1078 4047 Περικλεῖ

591 4057 649 4118 περὶ
675 4053 722 4104 τὸν
747 4051 835 4113 οἶκον,
862 4048 895 4105 ὥς
919 4050 990 4113 δίκην
1017 4046 1075 4098 τινὰ
1153 4058 1160 4066 “

591 4120 717 4174 δεδωκότι
736 4124 781 4181 τῆς
799 4118 947 4187 ὑπερορίας
969 4115 1010 4166 καὶ
1028 4121 1076 4179 τῆς

1020 4236 1236 4395 ς’·
