2604 4620
240 264 303 325 m
619 256 869 321 Pta'louls

241 430 359 517 οῦοας,
394 429 455 515 τὴν
490 436 525 508 δὲ
560 429 726 519 ἁρμονίαν
747 431 956 502 ἀπολωλέναι
982 429 1050 515 τὴν
1069 438 1129 514 τοῦ
1160 441 1260 510 θείου

184 551 209 612 Β
241 560 276 604 τε
301 539 358 603 καί
382 530 567 602 ἀθανάτου
591 531 729 622 ὁμοφνῦ
760 536 873 599 τεκαὶ
899 532 1055 618 ξυγγενῆ,
1073 544 1261 656 προτέραν

242 660 300 703 του
285 637 454 717 θνητοῦ
469 632 682 720 ἀπολομένην
694 671 753 710 -‚
770 629 857 700 ἀλλὰ
874 637 970 725 φαίη,
991 631 1037 712 ὡς
1061 634 1193 723 άναγκη
1212 645 1261 739 lire¹

239 761 305 804 που
332 733 415 804 εἶναι
441 731 549 815 αὐτὴν
576 731 638 816 τὴν
654 731 834 843 ἁρμονίαν,
856 739 912 800 καὶ
937 730 1105 823 πρότερον
1129 762 1173 803 τα
1200 740 1258 819 ξῦ-

238 841 282 904 λα
310 862 344 906 τε
370 838 428 904 καὶ
453 831 513 913 τὰς
535 806 990 922 χορδαςκοίτοῖλατιησεοθαι,
1017 841 1096 921 πρίν
1121 862 1152 904 τι
1177 845 1259 907 ὲκεί-

238 962 302 1019 νην
334 941 480 1005 παθεῖν·
526 939 583 1003 καὶ
625 931 690 1023 γὰρ
732 925 875 1014 οῦν,ω
850 925 1119 1021 ὦΣώαρατες,
1161 938 1256 1024 οἶμαι

237 1040 336 1123 ἔγωγε
370 1040 426 1104 καί
459 1033 564 1103 αὐτόν
595 1059 630 1102 σε
658 1038 759 1103 τοῦτο
784 1012 1063 1123 ίνῖἒθῦγῖῆσθαι,
1097 1034 1151 1106 ὅτι
1186 1064 1257 1109 τοι·

238 1136 343 1206 οῦτόν
379 1162 412 1205 τι
449 1135 594 1222 μάλιστα
619 1132 905 1222 ὑπολαμβάνομεν
930 1132 994 1217 τὴν
1019 1134 1134 1227 ψυχὴν
1160 1137 1253 1220 εἶναι,

237 1235 343 1327 ὥςπερ
369 1242 584 1322 ἐντεταμένον
618 1240 678 1302 τοῦ
705 1259 859 1322 σωματος
885 1233 977 1416 ἡμῶν
1002 1241 1058 1303 καὶ
1084 1238 1255 1326 ξυνεχομέ-

236 1362 297 1408 νον
330 1334 397 1406 ῦτιὸ
435 1340 566 1424 θερμοῦ
599 1340 720 1430 καὶιμ
762 1338 824 1422 ροῦ
857 1339 913 1404 καὶ
939 1336 1039 1424 ξηροῦ
1065 1341 1121 1403 καὶ
1146 1336 1254 1427 ὑγροῦ

237 1442 295 1508 καὶ
320 1433 482 1506 τοιοῦτον
507 1440 627 1523 τινῶν,
654 1354 883 1526 umtalmm
907 1439 964 1504 καλ
987 1431 1156 1523 ἁρμονίαν
1182 1437 1253 1504 αῦ-

183 1557 210 1618 c
240 1541 306 1606 τῶν
333 1534 458 1607 τούτων
481 1535 543 1619 τὴν
567 1535 680 1627 ψυχὴν
711 1535 822 1623 ἡμῶν,
853 1533 986 1616 λιιιαλαν
1011 1538 1118 1604 ταῦτα
1142 1542 1253 1619 καλῶς

238 1642 296 1708 καὶ
317 1643 457 1761 μετρίως
478 1640 597 1766 μραθῇ
624 1663 708 1724 προς
732 1634 871 1720 ἄλληλα.
910 1643 938 1705 sl
964 1622 1024 1705 οῦν
1048 1661 1109 1724 τνγ
1129 1634 1188 1705 α’νε
1228 1637 1250 1721 ἡ

235 1735 328 1834 ψυχὴ
355 1729 441 1809 οῦσα
467 1734 614 1828 ἁρμονία
641 1765 708 1820 τις,
744 1732 891 1821 δῆλον
874 1762 945 1818 οτι,
972 1734 1057 1806 ὅταν
1083 1742 1109 1826 ’χ
1154 1761 1251 1834 αση
1260 1795 1262 1802 .

633 1852 656 1882 0

305 1950 457 2086 λμοφυᾶ]
481 2001 527 2053 Sic
549 2002 610 2054 Par.
636 2000 707 2054 Flor
734 2015 758 2051 a.
777 2015 801 2050 c.
819 2015 854 2051 m
873 2006 900 2051 et
917 2016 984 2052 corr
1001 1999 1075 2057 vind.
1095 2005 1127 2054 Φ.
1162 2002 1251 2069 Lege-

235 2068 344 2121 batur‘
332 2075 456 2136 ομοφνῆ,
475 2070 544 2134 qrrod
563 2075 652 2121 tenent
668 2068 799 2120 mordicus
817 2068 982 2123 Turicenses.

304 2138 337 2190 B.
373 2137 486 2202 φαλη“
470 2157 510 2193 ως
528 2137 664 2204 ἀνάγκη]
690 2136 723 2196 ὡς
747 2137 863 2189 additum
886 2154 900 2189 e
920 2139 978 2194 Vst.
998 2140 1061 2191 Par.
1079 2140 1110 2193 C
1128 2138 1243 2193 Veall

233 2203 304 2256 Flor
324 2221 346 2254 c.
368 2205 392 2256 d.
410 2221 444 2257 tn.
480 2206 546 2271 Vulg
530 2223 563 2257 σο
583 2212 653 2257 erat.
679 2207 760 2269 φελη·
782 2204 893 2273 Ἀνάγκη
913 2209 1017 2258 irruas
1036 2227 1059 2262 κ,
1065 2220 1101 2258 τ.
1120 2210 1142 2257 λ.
1151 2223 1249 2273 ‚quas

234 2274 351 2324 transitio
383 2273 416 2324 ad
447 2280 544 2325 rectam
573 2276 715 2325 orationem
745 2276 838 2326 merito
866 2275 1002 2340 displicuit.
1036 2275 1195 2328 Turiceuses
1216 2274 1250 2335 alc

237 2344 335 2394 omisso
354 2342 386 2393 de
406 2342 556 2394 coniectura
576 2344 672 2395 Baiteri
692 2343 850 2407 scripserunt
866 2341 964 2408 pala’
949 2342 1047 2410 αιάγκη
1062 2346 1110 2394 lu

301 2410 339 2461 τὰ
359 2409 441 2466 Sallu
459 2430 490 2462 τι
508 2411 563 2461 καὶ
581 2410 790 2478 τὰςγορδᾶς]
815 2412 965 2476 particulam
986 2413 1029 2475 τὲ,
1049 2412 1173 2461 omissam
1192 2415 1249 2462 vul-

231 2495 298 2601 {th
307 2481 401 2600 τοιοορῖἰ
416 2497 456 2600 τῇ.
474 2482 532 2533 Vat
558 2481 664 2533 Veu..
643 2479 776 2600 'Etuvmd'
803 2483 865 2535 ΥΦ
888 2481 946 2533 Par.
965 2481 998 2529 G.
1018 2480 1107 2530 Ambr.
1125 2479 1195 2531 Flor
1218 2479 1247 2533 d.

259 2565 265 2598 ι
346 2564 361 2599 a
405 2566 420 2600 ο
475 2568 503 2600 τι
521 2565 551 2600 su
571 2550 649 2601 erscri
699 2564 722 2599 ru

301 2615 356 2666 ὅτι
378 2566 614 2684 zoaousdapu]
641 2565 686 2668 Sprc
704 2616 781 2670 codd
809 2614 923 2681 plerique
941 2628 1029 2665 omues
1047 2628 1093 2680 pro
1112 2616 1180 2680 vul
1200 2636 1246 2666 οτι

233 2684 343 2734 ῑθλθῦΐο
364 2703 398 2737 u.

301 2754 329 2802 C.
366 2754 395 2803 εὶ
418 2746 478 2803 οὖν
499 2752 670 2820 τυγχάνει]
696 2753 741 2804 Sic
767 2749 842 2802 Bodl
869 2749 951 2803 Coisl
967 2748 1027 2806 Vat.
1044 2750 1112 2804 Tub.
1132 2750 1238 2802 Veru'·
1215 2769 1245 2802 a.

232 2818 306 2874 Viud.
332 2822 363 2874 Y
382 2822 441 2872 Par
461 2822 588 2876 GHFL.
608 2825 673 2889 Aug.
692 2819 832 2874 Florentiui
849 2833 912 2881 sex,
937 2817 999 2874 Zitt.
1024 2821 1056 2873 al.
1093 2819 1247 2886 Legebatur

231 2907 262 2939 ru
263 2887 328 2954 γχάν
330 2908 353 2960 η

225 3090 378 3146 ¹llustretur
421 3095 543 3148 Ceterum
573 3097 652 3161 Step
659 3093 711 3145 lra-
762 3092 794 3144 ab
820 3090 939 3143 instituta
964 3091 1065 3145 ratione
1091 3090 1247 3152 liberiusque

229 3173 287 3209 nus
311 3178 357 3213 cur
381 3180 428 3228 pro
452 3164 501 3229 γάρ
522 3112 711 3216 desiderapverit
762 3178 792 3212 aa
795 3161 864 3228 gari,
887 3161 971 3212 ‹louec
988 3161 1054 3212 inira
1073 3161 1132 3211 iude
1152 3172 1167 3206 a
1185 3168 1246 3204 ver-

229 3242 268 3290 γε,
286 3243 405 3280 caussam
424 3235 516 3282 nullam
536 3232 662 3284 videmus.
762 3230 838 3280 bis‘
827 3248 877 3296 ορα
901 3220 949 3281 οὖν
972 3229 997 3278 iu
1028 3228 1144 3278 ordinem
1173 3223 1246 3285 quasi

230 3293 295 3406 κΒ,
331 3295 409 3345 ἀλλὰ
435 3300 533 3362 φαίη,
557 3297 710 3363 ιῦςανοὶγ-
761 3305 906 3350 revocetur,

247 3361 332 3423 η-λ
356 3364 489 3415 liberiore
512 3381 576 3415 usus
594 3372 634 3416 est
651 3381 710 3416 ora·
796 3371 897 3416 τουτο
919 3354 1194 3424 ίντεθηιμῆηθιι]
1220 3355 1244 3408 la.

229 3427 416 3481 lionissorma.
450 3432 711 3484 Namttttdicuur
762 3448 784 3485 e
821 3441 931 3484 tecum
963 3433 1164 3492 reputasse,
1195 3425 1244 3476 ita

228 3497 301 3558 quasi
317 3500 506 3561 praecessisset
522 3504 547 3550 ιλ
563 3520 603 3557 τις
620 3499 709 3564 ipset·
761 3509 796 3553 ut
813 3501 844 3551 in
854 3499 971 3565 auimo
996 3500 1053 3544 tuo
1076 3496 1174 3557 quasi
1195 3508 1246 3544 re·

227 3580 259 3613 το
276 3585 311 3630 μη
331 3564 459 3616 απολωλε
449 3588 498 3619 αι
532 3570 635 3620 btcarur
649 3569 711 3620 llaec
761 3569 872 3620 sideat
893 3559 997 3615 Ιιιιίιιε
1035 3561 1082 3610 rei
1112 3577 1175 3611 corr
1158 3561 1245 3625 ita-

227 3647 330 3697 quoque
361 3651 418 3686 cum
450 3640 473 3687 ελ
498 3656 537 3693 τις
561 3637 709 3689 cohaerent.
761 3638 819 3688 tio.
855 3632 934 3687 Quod
960 3644 1055 3680 moneo
1084 3627 1167 3691 ideo,
1184 3630 1245 3692 quia

227 3701 357 3756 Quocirca
390 3719 441 3754 non
471 3721 537 3770 opus
572 3713 613 3756 est
647 3722 709 3757 cun·
761 3696 1246 3764 Fractarumvideotvsapaoaaa

226 3770 325 3823 iectura
355 3772 563 3836 Heindorfil‚
602 3775 707 3839 quiex
762 3771 915 3825 coniecisse.

226 3840 353 3908 scripturn
377 3841 436 3894 cod.
463 3792 620 3907 Αιιξιιελειιίᾳ,
642 3841 706 3892 ἀλλὰ
792 3836 1173 3917 ωςνιερέντεταμίνον-
1189 3834 1246 3883 καὶ

224 3909 323 3975 pala*
306 3929 338 3960 αν
350 3930 405 3974 τις,
423 3913 462 3961 ἔτι
478 3927 528 3961 ποι
546 3909 623 3972 simu
642 3910 710 3961 eruit
758 3931 773 3960 v
767 3905 876 3988 γρου]
907 3904 1045 3970 Explicant
1072 3901 1136 3953 llaec
1161 3918 1245 3967 usque

225 3977 290 4030 hauc
316 3980 464 4033 lectionem.
487 3977 567 4044 α’λλά,
593 3978 693 4044 φαλη”
676 3998 708 4028 αν
758 3976 793 4029 sd
811 3970 859 4038 mir
876 3971 1047 4041 ψυχηιημων
1058 3985 1242 4037 praegressum

224 4067 281 4110 τις,
306 4047 405 4113 άνάγνη
424 4050 462 4100 λιι
479 4067 531 4101 τιον
549 4066 587 4112 ι,
612 4045 666 4098 ut
659 4062 707 4098 ram
758 4042 1004 4096 illudvasoaro‘m.
1027 4041 1243 4091 Ceterumnemo

225 4114 282 4169 iriae
315 4117 453 4172 deflectere
485 4117 591 4185 incipiat
621 4130 707 4168 sermo
758 4126 809 4164 noa
836 4111 906 4165 ridet
932 4111 1068 4164 Simmiam
1091 4106 1156 4160 hanc
1183 4121 1244 4158 sea
