2604 4620
132 276 175 337 ro
513 270 762 350 rnnrours

134 451 239 537 ιμοο,
267 440 341 510 λιν
371 441 456 535 anf,
482 442 569 512 καθ’
607 439 715 527 αὐτὴν
749 448 912 535 ertantur
932 429 985 542 'fi
1012 451 1149 535 οιαιοιᾳ

133 547 300 636 χρώμενος
326 538 409 609 αὐτὸ
434 542 520 610 καθ’
560 540 643 612 αὐτὸ
673 548 839 633 εἰλικρινὲς
864 554 1003 616 ἕκαστον
1031 557 1148 638 ἐπιχει-

135 657 195 730 ροῖ,
213 639 372 729 θηρεύειν
398 646 465 710 τῶν
491 639 616 725 ὄντων,
648 644 851 731 ἀπαλλαγείς
884 645 902 715 ί
938 675 970 716 τι
1002 648 1147 737 μάλιστα

134 745 329 834 ὀφθαλμῶν
366 771 401 812 τε
433 748 487 814 καὶ
520 741 613 813 ὤτοιν
645 752 717 825 καί,
753 744 797 825 ὡς
824 752 902 827 ἔντος
927 757 1042 831 εἰπεῖν,
1068 749 1148 833 ξύμ-

136 870 267 925 παντος
293 848 352 914 τοῦ
379 844 551 933 σώματος,
577 844 621 925 ὡς
646 844 874 934 ταράττοντος
905 855 961 917 καί
985 849 1044 919 οὐκ
1069 854 1147 917 ἑῶν-

134 972 192 1025 τος
220 944 281 1029 τὴν
310 943 424 1039 ψυχὴν
449 946 644 1028 κτήσιίσθοιι
672 946 845 1029 ἀλήθειάν
880 956 916 1018 ’τε
942 956 999 1019 καί
1021 949 1148 1042 φρόνη-

135 1071 207 1125 σιν,
234 1043 319 1113 ὅταν
345 1049 508 1138 κοινωνῇς
532 1037 589 1135 ἆρ’
623 1046 683 1132 οὐχ
710 1038 810 1127 οὗτός
836 1059 936 1140 ἐστιν,
962 1042 1146 1140 ὦΣιμμία,

205 1348 236 1398 P.
259 1342 300 1399 66.
349 1341 435 1395 anri
468 1342 656 1409 τίλικρινίς]
689 1343 816 1410 εἱλικρινὲς
849 1359 906 1394 cum
938 1347 1028 1411 spiritu
1056 1362 1149 1412 aspero

137 1415 214 1468 non.
233 1414 304 1466 Fior.
327 1412 343 1464 i.
378 1411 445 1461 Dein
464 1417 527 1464 vett.
546 1412 617 1465 editt.
637 1414 766 1477 ἐπιχειρεῖ.
787 1411 863 1463 Bodi.
883 1413 941 1465 vat.
958 1415 1150 1469 Ven.11.Tnb.

137 1490 204 1547 Aug.
225 1481 299 1532 vind.
323 1481 353 1529 Y.
372 1478 435 1530 Par.
456 1480 580 1530 ACGH.
599 1481 690 1531 Ambr.
709 1481 779 1530 Fior.
800 1495 823 1532 ο.
842 1482 869 1534 b.
886 1497 910 1533 ο.
932 1482 957 1536 d.
978 1485 995 1534 i.
1013 1485 1075 1534 Zitt.
1093 1487 1149 1534 tru-

136 1555 229 1618 χιιροῖ.
250 1549 330 1600 Coiei.
349 1549 489 1612 ἐπιχειροίη
508 1548 576 1612 qrrod
596 1565 611 1599 e
630 1548 704 1601 Bodi.
725 1550 943 1615 superscriptum
964 1551 1041 1616 idque
1058 1567 1149 1602 snsce-

136 1621 175 1686 pit
194 1619 304 1669 Bekker.
342 1615 396 1667 Sed
420 1623 528 1680 utraque
552 1617 635 1668 iorrna
656 1634 734 1682 quum
752 1617 852 1669 Platoni
877 1619 994 1670 videntur
1010 1621 1149 1686 puduisse,

137 1688 242 1752 singulis
267 1686 331 1738 loeis
355 1684 475 1736 codicum
497 1685 644 1747 testimonia
667 1686 792 1738 audienda
818 1692 887 1738 suut.
904 1703 930 1739 ν.
948 1688 1100 1742 Schneider.
1117 1688 1149 1739 od

137 1757 233 1822 Renrp.
250 1755 294 1808 lv.
313 1769 339 1820 p.
356 1751 416 1806 428.
436 1753 465 1808 Ι).

141 1956 273 2025 deutoro]
308 1957 438 2010 Advertere
464 1957 513 2009 hoc
538 1953 622 2014 οὐδεὶς
673 1963 746 2008 notat
767 1971 953 2009 secernere.
973 1956 1041 2014 ιίλος
1054 1956 1150 2014 εῖίλος

142 2035 202 2094 post
226 2045 266 2080 uc
288 2025 396 2081 iiintum.
437 2027 505 2076 inira
529 2042 554 2089 p.
578 2023 621 2075 74.
674 2032 701 2076 et
717 2027 757 2088 ίλη
775 2026 892 2089 globus
911 2032 964 2089 est,
983 2027 1015 2076 nb
1033 2025 1107 2076 εἱλεῖν
1124 2032 1152 2077 et

142 2098 173 2146 A.
197 2111 230 2144 ex
260 2094 365 2155 optimis
394 2093 526 2145 dedimus:
557 2090 619 2140 οὐδ’
671 2093 747 2153 ίλεῖν,
771 2095 912 2144 volvere.
955 2094 995 2145 Ex
1025 2094 1073 2145 hac
1098 2095 1152 2145 ori-

142 2161 204 2209 ἄλλο
222 2180 249 2208 τι
267 2166 315 2208 τῶν
334 2159 463 2210 τοιούτων
479 2159 562 2210 οὐδέν.
579 2160 621 2208 ubi
672 2160 730 2224 gine
751 2160 877 2223 εἰλικρινὲς
897 2163 1002 2227 proprie
1024 2163 1153 2226 significat

143 2249 170 2278 τι
192 2230 269 2292 vuigo
292 2228 389 2279 aberat.
413 2229 493 2292 Gorg.
518 2245 542 2292 p.
562 2225 621 2279 463.
673 2227 833 2276 volvendo
864 2243 885 2276 s.
908 2230 1056 2280 voinbiii
1084 2231 1152 2295 agi·

142 2301 173 2348 A.
196 2294 269 2352 τινός
300 2298 355 2346 ἔστι
384 2295 477 2362 μόριον
508 2293 620 2349 οὐδενός.
675 2295 804 2345 tatione
847 2302 1033 2358 secretum,
1074 2302 1152 2361 atque

142 2361 537 2430 nunp.n1cent.v.79.nn.‘
559 2361 620 2413 οὐδὲ
670 2362 736 2413 adeo
767 2363 895 2413 .cribro
942 2367 1151 2430 purgatum.“

143 2436 221 2498 φίλων
239 2452 292 2489 τις
309 2435 386 2490 πέλας
406 2432 523 2495 οὐδεὶς,
541 2447 620 2495 quem
670 2432 778 2482 Partem
798 2432 850 2482 veri
869 2432 932 2483 vidit
951 2432 1100 2496 Guyetns
1118 2433 1152 2484 ad

671 2499 846 2564 Hesperidum,
865 2500 907 2564 qui
926 2501 1055 2563 εἰλικρινὲς
1073 2501 1153 2551 inter-

670 2575 787 2633 pretatur
800 2569 883 2619 verbis
894 2569 1026 2635 καθαρόν,
1044 2568 1151 2632 ἄδολον,

670 2636 785 2699 ἀληθές,
812 2635 933 2700 φανερόν.
975 2638 1014 2688 De
1033 2642 1152 2687 consitu—

673 2704 758 2755 ctione
777 2703 843 2758 cous.
879 2705 919 2756 De
940 2705 1052 2770 Repubi.
1077 2705 1106 2757 V.
1119 2722 1150 2770 p.

672 2772 731 2826 459·
745 2771 776 2825 Ε.
796 2779 878 2840 συχνῷ
897 2779 933 2841 τῷ
951 2773 1041 2838 ψεύδει
1059 2772 1101 2821 καί
1119 2778 1152 2838 τῇ

672 2839 759 2908 ἀπάτῃ
795 2838 858 2905 ἡμῖν
896 2842 995 2905 δεήσειν
1032 2847 1153 2908 χρῆσθαι

673 2910 736 2968 τοὺς
763 2907 899 2976 ἄρχοντας.
940 2912 1004 2964 ibid.
1035 2927 1059 2975 p.
1089 2909 1149 2964 344.

674 2981 704 3032 D.
736 2977 913 3042 κατιινίλιίσιις
936 3008 972 3018 --
997 2977 1080 3030 nario
1105 2975 1153 3028 τίν

143 2505 227 2553 iocum
246 2520 261 2553 a
280 2502 385 2553 Monkio
405 2502 513 2564 aliisque
526 2500 621 2550 soltici-

142 2578 224 2621 tatum
243 2576 315 2620 recte
328 2569 442 2620 defendit
460 2569 619 2619 Herman-

144 2654 210 2689 uun.
241 2637 308 2688 coni.
337 2636 506 2687 Seiraeier.
540 2636 620 2686 indic.

144 2704 178 2756 nd
197 2706 308 2770 Gregor.
327 2702 442 2757 Corinth.
461 2719 485 2754 v.
504 2723 564 2761 τις,

178 2844 210 2895 Ρ.
241 2839 281 2895 66-
329 2837 395 2889 ἄλλ’
430 2839 511 2905 αὐτῇ
542 2839 619 2888 καθ’

144 2909 248 2974 αὐτὴν
282 2909 459 2972 εἰλικρινεῖ
486 2915 521 2974 τῇ
552 2910 623 2959 δια·

143 2983 217 3045 eolo
233 2980 299 3047 χρ]
320 2977 398 3033 Quod
417 2979 501 3029 omitti
520 2983 624 3044 poterat

144 3051 283 3116 εἰλικρινεῖ,
310 3063 342 3100 eo
366 3049 510 3114 explicatur
528 3063 623 3112 prono-

144 3118 203 3171 men'
224 3116 299 3180 αὐτῇ.
334 3117 396 3167 Pori
414 3118 513 3168 ratione
531 3117 624 3167 dicitur

43 3212 48 3225 ·
144 3186 226 3241 αὐτὸς
243 3185 337 3250 μόνος,
357 3186 389 3236 de
408 3202 458 3249 quo
476 3203 500 3238 ν.
519 3185 622 3249 Toup.

145 3255 177 3304 ad
195 3253 305 3316 Longin.
329 3269 354 3317 p.
376 3252 435 3305 526.
461 3254 502 3303 ed.
528 3253 625 3303 Weiok.

144 3319 320 3370 Heindorf.
347 3319 378 3368 ad
404 3320 506 3372 Charon.
531 3335 555 3383 p.
582 3318 624 3370 62.

146 3386 315 3438 Scnaeser.
344 3385 377 3436 od
403 3386 535 3437 Lambert.
563 3387 625 3436 Bos.

148 3473 172 3521 p.
192 3454 250 3508 308.
292 3454 389 3504 Dicitur
411 3460 498 3506 autem
523 3454 626 3522 εἰλικρι-

146 3528 203 3585 νλς,
226 3522 387 3588 quidquid
410 3521 494 3574 nihil
514 3524 627 3588 dispar

147 3592 197 3643 nui
232 3598 264 3642 et
302 3591 469 3643 dissimile
497 3592 625 3642 admix-

147 3670 212 3713 tum
231 3659 543 3722 habet,oincernm,
571 3675 625 3725 pu-

147 3744 224 3782 rum.
256 3728 452 3779 Valckenar.
484 3729 508 3778 in
535 3728 623 3780 Sciroi.

122 3862 124 3866 y
147 3799 180 3852 nd
203 3796 236 3850 N.
259 3795 288 3847 F.
313 3796 354 3848 ed.
373 3796 570 3863 Wasseubergir.
590 3796 623 3847 T.

146 3869 179 3922 n.
196 3884 221 3934 p.
242 3864 299 3919 181.
334 3866 383 3929 „ln
400 3865 518 3931 giosndis
537 3865 624 3918 reddi-

146 3945 188 3989 tur
219 3935 406 4000 integrum,
443 3935 624 3988 sincerum.

146 4004 298 4056 nbrtruoior
309 4003 438 4067 aliquanto
454 4004 624 4068 compositio-

672 3045 758 3112 λόγον.
792 3047 856 3100 lbid.
875 3065 899 3114 p.
918 3047 977 3102 562.
1001 3049 1034 3100 D.
1057 3047 1153 3111 πολλὴν

674 3122 814 3182 πιιρέχονσι
833 3115 880 3179 τὴν
898 3120 1059 3183 ἐλευθερίαν.
1088 3116 1153 3168 ibid.

673 3185 706 3238 X.
727 3202 751 3250 p.
769 3184 828 3238 574.
854 3187 884 3239 D.
908 3186 1019 3251 Epistol.
1048 3185 1100 3237 vn.
1128 3201 1152 3249 p.

674 3252 732 3305 332.
758 3254 790 3303 B.
816 3260 915 3311 πιστοῖς
942 3253 1070 3317 ἐχρήσατο
1098 3257 1155 3306 τοῖς

675 3325 813 3376 κοινωνοῖς.
833 3322 1042 3371 Demosiiten.
1061 3321 1085 3367 in
1105 3320 1154 3369 Mi-

676 3386 743 3436 diam
765 3402 790 3451 p.
813 3387 851 3439 16.
871 3388 911 3438 ed·
932 3389 1022 3451 Spald.
1046 3385 1088 3435 (ίτι
1112 3387 1154 3435 uni

675 3453 760 3517 τούτῳ
797 3453 881 3523 πολλῷ
917 3454 1042 3518 χρήσεται
1076 3453 1153 3520 λόγῳ.

677 3523 829 3575 Antonin.
848 3541 874 3589 p.
894 3522 936 3577 33.
958 3523 996 3575 14.
1019 3524 1103 3587 πολλῇ
1121 3523 1155 3586 τῇ

673 3598 727 3660 νίκῃ
744 3597 850 3657 χρῆται.
874 3619 899 3627 -—
930 3595 1011 3653 ἐπιχ.
1032 3592 1154 3658 θηρεύ-

675 3679 729 3715 ειν.
768 3661 903 3711 Platonem
915 3662 1023 3724 eiusque
1040 3662 1155 3712 imitato-

674 3745 717 3780 res
735 3744 923 3794 saepenumero
949 3744 1012 3780 usos
1031 3744 1090 3780 esse
1108 3745 1155 3780 vo·

675 3798 773 3849 cabuiis
790 3797 928 3848 venatoriis
951 3797 984 3848 de
1002 3812 1065 3847 vero
1084 3797 1155 3849 inve-

676 3864 796 3932 stigando
827 3864 972 3916 docuerunt
996 3866 1155 3917 Davisiur

674 3934 707 3985 od
735 3933 850 3986 Ciceron.
880 3933 913 3985 de
942 3933 974 3988 N.
1007 3933 1038 3987 D.
1066 3934 1086 3984 1.
1113 3933 1156 3988 30.

677 4001 905 4070 wyttenbacir.
924 4004 949 4053 in
963 4003 1078 4068 Epistol.
1092 4003 1155 4053 Crit.

147 4074 186 4124 nio
208 4073 282 4126 rntio.
326 4071 432 4123 Videtur
463 4077 549 4124 tamen
574 4087 625 4123 vox
677 4087 702 4137 p.
726 4068 786 4123 259.
813 4071 853 4124 ed.
877 4072 951 4137 Lips.
979 4071 1156 4123 Heurdiuo

147 4142 300 4192 iormntrnb
318 4140 385 4198 εῖλος
404 4147 430 4193 et
446 4143 530 4207 κρίνοι.
564 4141 624 4191 Hoc
677 4140 701 4189 in
721 4138 831 4206 specior.
853 4140 914 4192 cut.
936 4157 960 4205 p.
977 4140 1021 4194 88.
1042 4139 1155 4190 Δολίον
