2604 4620
355 1201 856 1370 raocneoucul
911 1214 956 1227 ⁷*
1096 1328 1100 1339 ,

492 1421 493 1424 ’
559 1422 629 1489 ΑΙ)
1029 1440 1033 1447 ·

215 1588 987 1720 SYMPOSIUM.
1072 1580 1123 1603 γ’

501 1843 769 1898 “-“-”’·Ι

97 2003 317 2121 Symposium
330 2033 479 2100 Platonis
497 2032 680 2100 habendum
695 2055 765 2103 esse
778 2035 813 2100 in
827 2035 1109 2122 praestantissimis

82 2121 213 2186 ‘veteris
235 2119 432 2204 eloquentiae
454 2129 487 2184 et
507 2118 739 2207 philosophiae?
754 2142 838 2204 quae
865 2125 1003 2186 aetatem
1025 2121 1108 2187 tula-

94 2214 171 2269 runt
190 2204 402 2270 monumentis
423 2227 489 2269 una
510 2214 561 2270 est
581 2215 614 2270 et
635 2205 837 2271 consentiens
858 2214 923 2271 'vox
946 2205 1110 2289 hominnm
1162 2278 1164 2283 ,
1212 2285 1214 2292 Ι

97 2289 391 2355 eruditissimorum.
422 2288 493 2355 Nec
513 2290 656 2375 profecto
676 2289 801 2357 iniuria.
833 2289 917 2355 Nam
944 2290 1012 2356 sive
1035 2313 1108 2377 spe-

96 2384 218 2439 ctamus
240 2374 390 2440 orationis
412 2374 602 2462 elegantiam
632 2397 670 2440 ac
699 2384 898 2440 venustatem
918 2374 958 2461 in
980 2397 1017 2440 eo
1040 2375 1108 2441 eni·-
1137 2375 1141 2392 “

90 2470 224 2538 tentem,
245 2483 339 2525 nemo
362 2468 446 2524 certe
468 2459 538 2538 erit,
551 2459 639 2559 'quin
656 2459 832 2547 plurimum
846 2460 1020 2545 voluptatis
1034 2483 1114 2547 per-i
1202 2486 1204 2497 ·
1288 2445 1290 2452 ᾗ

96 2544 195 2629 cipiat
208 2567 249 2610 cx
266 2544 428 2621 facilitate,
450 2544 688 2630 persp1cuitate,
711 2545 900 2623 urbanitate,
923 2544 1109 2622 festivitate,

30 2657 35 2661 ·
94 2629 196 2694 ironia
217 2630 356 2714 denique
382 2630 447 2708 illa,
475 2646 557 2713 quac
583 2653 642 2717 per
670 2640 773 2694 totum
800 2630 1056 2716 librum-regnat
1076 2639 1110 2696 et

93 2738 152 2799 per
173 2738 284 2781 omnes
306 2714 375 2779 eius
397 2725 506 2800 partes
528 2715 574 2780 ita
595 2715 712 2781 diffusa
733 2727 792 2794 est,
814 2727 851 2780 ut
867 2716 902 2780 in
917 2737 1042 2780 summa
1055 2737 1108 2780 re-

93 2823 165 2863 rum
187 2799 340 2865 varietate
362 2799 442 2865 nihil
462 2800 514 2865 inc
538 2810 606 2865 tum
628 2800 679 2878 sit,
700 2800 787 2864 >nihil
809 2800 976 2886 frigidum,
1003 2800 1111 2863 omnia

94 2883 233 2946 habeant
256 2884 395 2947 nativam
416 2907 499 2967 quan
523 2908 573 2948 am
596 2884 722 2949 veneris
750 2895 844 2982 atque
871 2883 993 2971 gratiae
1022 2882 1109 2946 dele-

95 2967 280 3043 ctationem3
308 2967 376 3031 sive
398 2969 637 3032 consideramus
658 2991 766 3032 rerum
787 2991 821 3030 m
842 2990 882 3033 eo
904 2975 1110 3032 tractatarum

96 3050 268 3128 delectum,
304 3051 447 3115 ordinem
475 3063 568 3135 atque
596 3052 841 3137 expositionem,
875 3050 954 3134 quid
981 3050 1114 3136 tandem,

96 3136 225 3201 suavius
240 3145 297 3214 aut
314 3135 485 3200 iucundius
499 3135 578 3224 fingi
615 3146 698 3201 otest

95 3221 176 3287 tium
197 3219 394 3303 actionisque
409 3221 562 3286 varietate
578 3221 585 3236 ‘
612 3243 684 3285 aaa
699 3159 916 3321 (depositione,
939 3236 1020 3306 quae
1036 3231 1109 3284 tan-

95 3319 161 3372 tam
181 3307 215 3371 in
235 3305 296 3371 hoc
317 3305 399 3372 libro
419 3305 515 3371 habet
529 3305 847 3384 verisimilitudmem,
870 3315 906 3371 ut
926 3328 991 3370 non
1006 3305 1110 3371 solum

93 3391 290 3477 loquentium
312 3390 442 3478 ingenia
464 3401 496 3455 et
517 3413 622 3455 mores
643 3391 809 3477 adipsum
838 3391 921 3456 vitae
943 3390 1110 3456 veritatem

95 3477 238 3563 expressi
259 3476 439 3554 videantur,
464 3477 519 3541 sed
543 3476 707 3554 etiamen,
738 3498 820 3559 quac
842 3477 991 3541 dicuntur
1012 3486 1110 3560 atque

95 3573 244 3648 aguntur,
266 3572 331 3627 tam
353 3562 401 3626 ele
426 3562 492 3626 anti
514 3561 633 3626 iudicio
655 3561 738 3625 inter
761 3583 795 3626 se
817 3584 900 3626 nexa
916 3561 980 3626 sint
1001 3570 1033 3625 et
1054 3579 1109 3624 co-

96 3648 215 3730 pulata,
243 3657 278 3711 ut
303 3647 389 3723 inter
402 3584 585 3734 legendum
614 3645 671 3710 tibi
699 3646 844 3711 videaris.
866 3646 986 3712 comico
1016 3643 1110 3709 alicui

96 3731 232 3795 dramati
252 3732 427 3798 interesse?
449 3731 518 3797 sive
540 3731 676 3816 denique
693 3732 885 3818 argumenti,
908 3732 948 3795 de
964 3752 1027 3812 quo
1041 3728 1109 3792 dis-

98 3815 223 3893 seritur,
250 3818 440 3903 gravitatcm
466 3827 562 3902 atque
590 3816 780 3903 dignitatem
805 3816 1008 3901 respicimus,
1036 3812 1110 3896 quis

97 3908 156 3977 est,
186 3899 264 3983 quin
285 3925 355 3973 eam
376 3902 549 3967 maximam
577 3925 648 3968 esse
669 3903 823 3979 fateatur,
874 3894 1109 3982 uairdoquidem

98 3983 279 4070 disputatur
307 3987 347 4051 de
373 4011 479 4054 amore
506 3997 603 4074 atque
630 3989 757 4075 pulcro,
788 3985 839 4055 cui
891 3984 1029 4052 latonam
1050 3982 1107 4046 do-

131 4075 196 4125 Plat.
210 4074 274 4138 Opp.
294 4076 353 4127 Vol.
366 4077 387 4126 I.
405 4077 470 4130 Sect.
483 4077 531 4128 III.
889 4070 906 4106 ³⁸*

734 3158 920 3200 crsonarum
930 3134 1111 3219 colloquen·
1207 3184 1211 3196 ,
