2604 4620
182 321 245 384 lto
566 319 816 383 tuatonis

135 544 141 550 -
180 491 291 577 ἐπειδὴ
318 498 352 562 dd
380 497 594 577 ἐδείπνησαν,
621 491 909 580 προςαιτὴσουσα,
945 490 1088 576 οἶυνδὴ
1119 495 1208 563 erico·

182 602 258 683 χίας
283 589 400 676 οὔσης,
434 593 574 685 ἀφίκετο
601 591 622 676 ἡ
648 597 758 661 Πενία
790 599 847 661 καὶ
873 585 915 677 ἦν
941 598 1014 683 περὶ
1040 591 1104 673 τὰς
1132 597 1210 665 oid-
1238 640 1243 646 ·

182 723 254 784 ρας.
281 692 302 762 ’ὁ
338 687 399 777 οὖν
432 694 549 783 Πόρος
582 697 773 780 μεθυσθεὶς
806 692 1069 800 vulganium,
1108 698 1225 779 οἶνος,

182 793 247 888 γὰρ
273 790 365 864 οὔπω
392 786 452 885 ἦν,
480 804 525 876 εἰς
551 791 611 866 τὸν
637 800 697 864 τοῦ
723 792 801 875 Διὸς
826 781 935 878 aditos
959 791 1122 875 εὶςελθών
1146 803 1209 887 βε-

252 1007 545 1080 rrpocotorq'oouoa]
577 1010 653 1060 Bodl.
680 1008 783 1062 vead.
819 1015 927 1076 Ang.w.
951 1011 1097 1079 προςαιτὴς
1122 1008 1207 1081 οὖσα,

182 1083 253 1146 quod
272 1096 523 1143 commemoramus,
544 1086 572 1131 ut
590 1086 727 1145 appareat,
751 1094 828 1145 quam
847 1081 930 1132 amice
951 1097 1030 1148 saepe
1046 1081 1070 1134 hi
1092 1085 1206 1138 codices

183 1152 224 1203 vel
246 1152 270 1202 iu
289 1150 385 1216 apertis
406 1152 538 1201 erroribus
556 1149 727 1200 consentiant.
971 1158 974 1165 '

183 1321 215 1373 ll.
225 1317 315 1387 p82t.
329 1320 422 1370 Dama
434 1319 478 1370 sci
487 1335 535 1371 um
547 1320 605 1386 περὶ
618 1313 665 1382 dp·
715 1333 822 1370 numero
841 1318 994 1371 daemonnm
1015 1320 1103 1374 haberi
1118 1341 1205 1391 opor·

181 1395 234 1454 χῶν
247 1406 271 1456 p.
281 1387 341 1444 302.
356 1388 397 1440 ed.
407 1388 491 1455 Kopp.
512 1390 563 1442 Qui
574 1404 665 1454 quem·
715 1393 780 1438 tere.
819 1387 949 1441 Quocirca
967 1397 994 1440 ut
1012 1397 1130 1456 pateret,
1158 1396 1202 1461 qui

184 1457 325 1511 admodum
342 1472 394 1508 nou
411 1472 462 1508 uuo
477 1459 554 1510 modo
567 1459 600 1510 de
618 1457 665 1508 hac
714 1454 810 1507 sactum
830 1464 909 1520 esset,
926 1464 956 1509 ut
974 1465 1065 1510 natura
1084 1463 1140 1512 eius
1160 1464 1200 1515 in·

183 1529 330 1579 narratione
358 1532 488 1589 statuunt,
521 1529 557 1579 ita
586 1545 618 1580 ne
648 1528 664 1578 ii
713 1532 754 1576 ter
782 1526 922 1591 perfectam
960 1534 986 1578 et
1016 1528 1207 1594 imperfectum¹

184 1595 306 1662 quidem,
326 1595 368 1659 qui
387 1598 574 1649 recentioribus
596 1605 664 1648 tem·
714 1593 825 1646 medium
853 1596 938 1660 quasi·
963 1599 1046 1648 locum
1084 1605 1199 1666 teneret,

184 1666 292 1732 poribus
327 1680 384 1715 eam
419 1665 547 1718 illustrare
578 1666 664 1717 conati
713 1663 880 1728 philosophus
899 1679 957 1715 eum
976 1666 1198 1720 filiumesseius·

185 1738 258 1797 sunt,
276 1735 343 1784 inter
361 1749 389 1783 se
407 1737 578 1786 consentiunt.
605 1735 662 1788 Vid.
715 1732 839 1782 sitsPori
870 1738 897 1783 et
919 1726 1032 1793 Peuiae,
1052 1735 1139 1794 ,Consi
1171 1745 1200 1790 et
1228 1774 1232 1788 .

184 1809 288 1870 praeter
324 1802 404 1862 alios,
446 1802 514 1867 quos
549 1803 663 1855 laudavit
714 1800 889 1866 Paupertatis.
926 1802 984 1854 Qua
995 1803 1098 1868 quidem
1111 1807 1198 1857 fictio-

185 1873 315 1934 Aetius,
337 1870 356 1920 S
364 1870 570 1934 ydeulrumus
592 1872 661 1938 apud
714 1884 746 1919 ue
770 1869 832 1936 quid
850 1871 1024 1935 significetur,
1050 1874 1141 1939 partim
1162 1892 1197 1927 ex

184 1941 304 1992 Wollium
322 1955 347 2005 p.
360 1938 393 1991 75
411 1955 483 2005 sqq,
504 1943 596 2005 quibus
614 1941 662 1992 ad-
714 1938 922 2004 cointelligitur,
944 1939 1013 2003 quod
1031 1941 1113 1991 Porus
1131 1943 1194 1993 Me-

182 2009 275 2061 dantur
306 2007 555 2062 Mendelssolru.
581 2011 659 2075 Oper.
713 2006 849 2057 tidisiiliua
862 2009 1075 2074 vocatur,paru'm
1086 2010 1192 2074 exinde,

183 2078 275 2144 philos.
290 2076 320 2128 T.
336 2078 354 2128 1.
366 2075 454 2142 pila.
476 2078 658 2144 Sclrelling.
712 2075 782 2138 quod
798 2077 877 2126 Pedia
894 2085 1003 2128 vocatur
1023 2076 1052 2128 ori
1065 2076 1129 2142 σοφὴ
1147 2079 1192 2128 καὶ

183 2148 297 2196 Brunon.
317 2161 341 2210 p.
362 2144 457 2210 188sq
490 2147 660 2199 Aetiusad
713 2144 821 2210 ἄπορος.
857 2146 959 2196 Etenim
982 2147 1067 2197 Porus
1087 2149 1193 2198 Amoris

183 2214 234 2267 lu'l.
255 2214 415 2265 Albertus
432 2214 576 2278 lalrnius,
598 2217 661 2268 Ber·
713 2219 786 2279 pater
804 2230 862 2265 esse
881 2214 987 2278 dicitur,
1013 2216 1071 2281 quia
1093 2215 1134 2267 hic
1153 2217 1194 2268 in·

183 2299 230 2334 nas
245 2283 397 2344 Helvetios,
416 2283 550 2336 Dissertat.
571 2287 662 2337 Plato·
713 2283 824 2332 satinbili
847 2283 960 2346 quodam
990 2286 1126 2350 pulcrioris
1150 2301 1194 2337 sa-

183 2352 249 2415 ulae,
267 2367 318 2417 qua
337 2358 389 2403 tum
410 2353 442 2404 de
460 2369 553 2405 caussa
573 2363 599 2405 et
616 2370 662 2405 na·
712 2352 894 2417 pientiorisque
918 2355 987 2404 vitae
1004 2360 1106 2404 tenetur
1124 2353 1194 2405 desi-

184 2426 243 2472 tnta
254 2420 398 2486 mythorum
409 2421 601 2474 Platonicorum
621 2424 662 2474 di·
713 2420 784 2470 derio
808 2420 926 2485 adeoque
951 2422 1035 2473 omnia
1059 2429 1143 2474 tentat
1167 2429 1194 2475 ct

184 2496 315 2556 sputatur,
335 2497 387 2553 tum
406 2491 507 2555 mythus
526 2493 558 2542 de
581 2497 662 2543 Amo·
713 2489 852 2554 experitur,
871 2505 922 2554 quo
941 2490 973 2540 ad
987 2492 1068 2556 pulcri
1087 2498 1114 2542 et
1132 2492 1193 2543 boui

184 2561 218 2610 tia
236 2565 304 2619 ortu,
323 2565 394 2609 sorte
413 2565 439 2610 et
454 2560 540 2610 indole
552 2562 576 2611 iu
591 2563 662 2611 Con·
712 2557 904 2621 possessiouem
923 2559 1054 2622 perveniat
1072 2564 1110 2619 (v.
1128 2560 1194 2612 iutra

184 2627 251 2677 virio
275 2633 393 2677 narratus
415 2629 564 2692 explicatur.
595 2630 661 2680 Ber·
712 2626 742 2676 lu
764 2626 805 2674 ubi
825 2625 954 2694 πόριμος,
973 2629 1072 2679 consilii
1089 2636 1192 2695 potens,

184 2711 234 2746 naa
259 2694 332 2747 1839.
354 2695 379 2748 8.
404 2697 499 2747 Gust.
531 2697 660 2749 Schwu-
710 2693 846 2761 vocatum:
873 2696 951 2746 Penio
968 2703 1055 2746 autem
1076 2698 1194 2750 eiusdem

184 2764 413 2816 uitz.0bservutt
428 2765 661 2817 inPlatouisCon-
711 2770 794 2815 mater
817 2770 872 2828 est,
898 2766 958 2829 quia
981 2766 1050 2831 quod
1073 2769 1193 2832 cupitae

183 2835 231 2884 viv.
244 2834 352 2895 iceneol,
365 2833 438 2886 1842.
459 2832 482 2886 l.
503 2835 659 2887 Sommer.
711 2831 857 2895 desiderat,
882 2833 907 2883 id
931 2835 986 2900 ipse
1005 2849 1056 2884 non
1074 2836 1192 2901 possidet

88 2933 90 2936 -
181 2903 234 2953 len.
252 2902 301 2952 Lit.
323 2903 389 2953 Zeit,
409 2920 431 2953 a.
453 2903 526 2958 1844.
550 2905 580 2955 N.
599 2904 660 2959 249.
711 2902 828 2966 adeoque
844 2906 940 2954 multoe
961 2904 1020 2954 ideo
1038 2905 1137 2968 perfert
1155 2907 1193 2971 la,-

182 2971 286 3026 01250.
322 2972 482 3024 Quisomues
500 2974 525 3023 lu
544 2973 661 3025 diversas
711 2973 789 3025 bores
816 2975 893 3035 atque
922 2987 1071 3022 aerumnas:
1102 2988 1193 3026 carere

180 3046 270 3106 partes
287 3040 488 3106 disputaverunt.
524 3042 579 3093 Nos
599 3059 661 3094 vero
713 3040 779 3091 euim
800 3039 932 3090 dicebatur
956 3048 1033 3091 aritea
1051 3043 1142 3106 pulcro
1160 3058 1193 3094 ac

180 3104 294 3163 noudum
322 3112 442 3176 poenitet
462 3127 568 3175 cotum,
593 3127 660 3177 quae
711 3110 795 3172 bono,
821 3114 848 3159 ut
872 3110 940 3173 quod
959 3117 1086 3174 perpetuo
1105 3118 1192 3163 secta-

179 3185 239 3231 ante
271 3178 318 3229 lios
349 3178 438 3245 viginti
467 3179 548 3231 ferme
578 3196 659 3232 annos
711 3185 788 3229 retur.
826 3178 901 3230 Quae
913 3193 991 3242 quum
1005 3180 1040 3229 ita
1054 3178 1115 3242 siut,
1134 3188 1191 3230 tan·

180 3246 214 3299 da
236 3263 264 3299 re
289 3249 402 3300 maxime
430 3255 599 3301 controversa
626 3249 658 3300 ad
709 3253 763 3297 tum
781 3247 865 3309 abest,
885 3254 913 3298 ut
930 3248 1037 3312 cogitari
1055 3250 1140 3312 possit
1157 3248 1192 3300 de

179 3313 203 3367 h.
229 3318 244 3366 l.
272 3318 438 3378 commentati
460 3333 562 3381 sumus,
592 3332 659 3384 quaa
709 3317 809 3380 placitis
828 3315 948 3380 Orplricis
966 3323 1045 3380 atque
1064 3317 1190 3381 mysticis,

179 3382 282 3447 quidem
292 3386 443 3436 etiamnunc
456 3387 574 3452 repetere
585 3393 657 3438 tauto
707 3391 747 3446 ut,
766 3385 814 3434 nisi
833 3384 900 3435 forte
919 3388 1039 3436 consulto
1057 3387 1204 3439 caecutire·

179 3452 261 3516 magis
284 3452 365 3515 lubet,
391 3455 460 3518 quod
483 3472 512 3505 ea
532 3471 583 3507 non
602 3457 658 3507 siue
708 3454 803 3518 cupias,
822 3454 1065 3507 manifestumesse
1083 3453 1190 3518 debeat,

178 3520 274 3571 laetitia
315 3521 539 3574 animadvertimus
580 3524 656 3576 etiarn
708 3521 804 3573 Porum
830 3524 889 3587 liugi
912 3538 1005 3574 numen
1023 3521 1127 3587 aliquod
1146 3521 1190 3574 di-

177 3586 234 3640 Ed.
259 3587 399 3639 Zellero
427 3590 451 3640 iu
480 3591 558 3643 libror
597 3594 657 3646 Die
708 3591 806 3654 vinum,
824 3607 903 3642 verae
921 3592 1111 3657 pulcritudinis,
1139 3592 1191 3643 bo-

177 3655 655 3726 PhilosophiederGrieclren‚
707 3661 808 3724 uitatis,
832 3662 987 3726 sapientiae,
1017 3662 1090 3712 cuius
1116 3659 1189 3712 desi·

178 3726 234 3777 Vol.
254 3725 287 3777 11.
305 3743 330 3792 p.
346 3725 394 3780 167
411 3742 467 3791 sqq.
487 3728 576 3780 eximie
594 3746 655 3796 pro·
707 3729 778 3780 derio
812 3736 937 3795 perpetuo
964 3735 1044 3782 Amor
1073 3736 1188 3794 tenetur,

176 3795 237 3846 bata
261 3811 329 3847 esse.
359 3796 438 3846 'Sunt
471 3801 557 3848 autem
582 3798 653 3850 llaec.
706 3814 788 3863 capax
829 3799 890 3850 illud
932 3806 1009 3864 atque
1045 3799 1188 3865 particeps,

177 3864 291 3916 Primum
322 3865 425 3929 quidem
455 3871 565 3930 apparet
591 3867 655 3919 lianc
705 3867 816 3932 ideoque
832 3867 936 3918 Matidia
947 3870 1028 3920 tilium
1046 3869 1188 3934 appellari:

91 3965 93 3970 -
175 3932 284 3985 fabulam
309 3950 340 3985 eo
363 3935 472 3985 consilio
497 3950 556 3985 esse
573 3935 654 3987 luser—
705 3936 812 3987 Peniam
832 3943 919 3987 auteur
938 3937 1068 3988 informari
1093 3937 1189 3988 mulie-

174 4006 243 4065 tam,
281 4010 311 4052 ut
346 4003 438 4054 clarina
469 4003 548 4054 intelli
569 4012 654 4056 eretur
704 4019 775 4060 rem.
803 4007 959 4057 coelestibus
983 4007 1032 4058 illis
1057 4006 1187 4072 pulcritu-

114 4061 120 4070 ’
174 4070 244 4133 quod
280 4078 357 4124 auten
393 4072 494 4125 dixerat
529 4020 653 4139 victima,
704 4072 784 4135 diuis,
819 4073 958 4139 bonitatis,
991 4074 1189 4141 sapientiaeque

173 4139 295 4191 Amorem
314 4140 425 4193 medium
448 4158 507 4194 esse
524 4141 590 4195 iuter
606 4142 655 4194 de·
704 4140 778 4192 bonis
802 4157 907 4208 proteus
933 4144 1084 4195 destitutam
1110 4143 1189 4197 idco·

173 4221 205 4258 oa
235 4212 313 4272 atque
341 4208 459 4265 homiues
487 4210 599 4279 ideoque
628 4212 653 4263 in
702 4224 754 4276 que
769 4209 888 4280 inopem·
904 4213 992 4269 Quum
1011 4212 1189 4280 igiturdmar
