2604 4620
385 256 392 279 ,
431 172 499 245 sn
526 169 847 248 eunnnousn
1102 176 1149 247 as
1200 136 1213 149 “

190 355 305 454 Itaque
317 353 411 419 tacile
432 354 634 452 intelligitur,
656 351 908 438 disputationem
927 349 1097 448 paullatim
1112 350 1152 415 ab

137 450 276 505 exterma
295 438 477 504 animorum
495 436 675 502 ratiombus
694 435 875 501 traductam
897 455 969 500 esse
989 433 1033 498 ad
1051 445 1153 500 mter·

87 570 88 573 ,
136 546 211 589 nam
230 546 339 588 eorum
358 523 425 587 vim
445 533 595 587 naturam
639 543 657 585 e
675 519 921 617 exquirendam,
941 540 1024 617 quae
1047 518 1155 617 posita

137 618 186 671 est
216 608 251 672 in
276 607 468 694 cognatione
491 628 566 670 cum
593 604 605 668 i
629 604 676 669 eis
695 615 791 688 atque
813 604 880 668 vita
899 626 979 688 spsrs
1001 624 1152 688 propna3

137 692 280 778 singulas
295 701 405 756 autem
415 689 710 788 argumentationes
724 689 769 752 ita
780 688 862 752 inter
877 710 911 752 se
924 708 1025 751 nexas
1038 698 1071 752 et
1085 687 1152 752 ool·

136 775 256 861 ligatas
268 798 357 851 esse,
376 784 415 837 ut
429 774 492 838 aha
506 772 601 837 aliam
614 771 777 836 illustrare
792 783 824 835 et
838 771 1023 836 confirmare
1037 771 1151 837 existi·

136 860 256 925 manda
271 860 325 924 sit.

192 943 217 1008 J
219 967 271 1006 am
290 963 368 1006 vero
392 940 474 1005 haec
493 941 599 1005 omnia
625 937 903 1005 considerantibus
928 936 1021 1002 nobis
1040 949 1072 1003 et
1089 961 1152 1005 uno

137 1038 308 1109 tamquam
326 1024 443 1089 mentis
463 1024 577 1091 obtutu
592 1021 816 1089 contuentibus
835 1033 921 1088 certe
935 1020 1068 1086 dubium
1082 1045 1152 1088 csse

95 1151 97 1154 >
138 1133 205 1173 non
224 1108 355 1193 poterit,
381 1109 537 1191 quodnam
548 1107 696 1173 Platonis
720 1107 832 1173 fecerit
844 1107 877 1171 in
893 1105 954 1172 hoc
975 1104 1057 1171 libro
1073 1108 1152 1172 scri·

140 1193 246 1257 hendo
259 1193 423 1257 consilium
438 1203 470 1257 et
484 1215 548 1277 qua
561 1192 685 1258 ratione
698 1192 734 1256 in
748 1215 787 1257 eo
800 1190 995 1276 perficiendo
1010 1213 1090 1255 usus
1101 1191 1152 1256 sit.

143 1274 296 1361 Spectant
310 1276 394 1341 enim
408 1277 545 1361 denique
556 1277 664 1341 omnia
675 1298 723 1354 eo,
738 1287 776 1340 ut
788 1274 1040 1340 immortalitatis
1055 1275 1154 1339 ratio·
1212 1303 1217 1309 ·

137 1383 193 1425 nes
219 1361 419 1445 explicentur
444 1372 477 1426 at
499 1385 541 1426 ue
560 1361 779 1438 illustrentur,
800 1370 837 1424 ut
855 1358 1063 1424 manifestum
1083 1381 1154 1424 esse

137 1444 251 1510 debeat
272 1444 436 1523 omnibus,
465 1383 501 1508 il
527 1447 634 1530 ipsum
654 1446 762 1532 egisse
782 1443 1025 1529 philosophum,
1055 1464 1154 1526 quum

138 1551 314 1593 sermonem
345 1529 433 1594 hunc
464 1529 687 1615 perscriberet.
744 1524 812 1594 Sed
842 1526 982 1593 absolvit
1014 1527 1066 1592 ille
1094 1527 1154 1592 hoo

137 1635 218 1696 opus
238 1636 334 1678 suum
354 1614 410 1691 sic,
429 1625 468 1677 ut
486 1637 551 1677 una
570 1616 747 1697 eademque
767 1635 864 1698 opera
879 1622 912 1676 et
925 1610 1107 1697 philosophi
1120 1612 1155 1676 in

137 1698 208 1780 ipso
222 1698 336 1760 mortis
351 1698 486 1762 articulo
497 1698 664 1763 constituti
672 1697 847 1795 imaginem
854 1696 1050 1781 expresserit
1057 1707 1154 1780 atquc

140 1779 288 1862 exemplo
304 1776 449 1842 Socratis
475 1803 566 1863 spem
578 1781 829 1844 immortahtatis
848 1779 1098 1856 confirmaverit,
1123 1792 1157 1843 et

139 1863 243 1948 ipsam
257 1860 509 1924 immortalitatis
527 1863 707 1925 doctrinam
720 1861 904 1944 exposuerit
918 1861 1022 1924 allatis
1040 1863 1087 1925 rei
1105 1885 1157 1925 ar-

139 1944 305 2032 gumentis
322 1942 543 2008 subtilissimis
557 1943 661 2027 iisque
676 1944 719 2008 ad
734 1942 914 2007 docendum
928 1943 1049 2027 pariter
1063 1955 1159 2028 atquc

139 2028 337 2093 movendum
371 2027 628 2092 accommodatis.
678 2026 754 2108 Quo
790 2027 843 2104 lit,
880 2037 916 2090 ut
952 2036 984 2091 et
1014 2025 1157 2094 Socratis

140 2113 249 2197 imago
263 2111 509 2176 immortalitatis
531 2134 619 2198 spem
641 2135 679 2176 ao
701 2112 853 2178 fiduciam
867 2111 901 2175 in
916 2111 1031 2177 animis
1044 2113 1155 2200 legen·

142 2196 220 2259 tium
245 2196 377 2273 excitet,
409 2208 541 2282 augeat,
568 2196 774 2274 communiat,
801 2206 834 2261 et
857 2196 999 2261 rationes
1023 2197 1154 2262 immor-

141 2279 271 2427 tallitiatis
303 2280 338 2343 in
362 2281 502 2345 medium
533 2281 646 2345 allatae
672 2281 808 2346 eandem
833 2281 920 2346 illam
947 2281 1154 2347 illustriorem

138 2387 171 2428 re
217 2374 282 2428 ant.

193 2447 320 2512 Verum
342 2447 420 2512 satis
434 2449 513 2514 haec
528 2450 568 2513 de
583 2450 715 2514 consilio
730 2448 921 2535 philosophi.
950 2449 1157 2534 Argumenta

138 2530 179 2595 ab
193 2553 231 2595 eo
244 2532 279 2595 in
291 2531 354 2596 hoc
367 2531 449 2596 libro
463 2534 610 2619 exposita
623 2534 716 2597 multi
731 2533 973 2609 examinarunt,
994 2533 1046 2597 vel
1060 2532 1156 2598 etiam

89 2652 92 2661 ·
138 2614 303 2680 confirtare
336 2618 529 2682 studuerunt
556 2628 592 2680 ut
625 2619 664 2682 de
702 2639 767 2700 quo
795 2641 826 2681 v.
860 2616 1156 2682 Tiedemannus

138 2698 365 2784 Dialogorr.
387 2699 509 2765 Platt.
532 2701 769 2786 Argument.
791 2723 823 2786 p.
846 2703 884 2765 19
901 2723 973 2785 sqq.
1004 2700 1155 2767 'Penne-

138 2805 305 2847 mannus
333 2783 367 2846 in
395 2783 493 2849 libro:
523 2785 681 2849 Lehren
707 2784 788 2849 und
812 2785 1062 2870 Meinungen
1091 2785 1158 2850 der

140 2864 381 2943 Sokratiker
415 2867 512 2932 iiber
547 2867 903 2933 Unsterblichkeit
935 2893 967 2954 p.
993 2871 1056 2934 323
1087 2891 1156 2953 sqq.

141 2947 166 3012 S
204 2960 303 3013 stem
328 2951 396 3013 der
415 2951 516 3015 Plat.
535 2951 793 3036 Philosophia
815 2951 854 3015 T.
873 2952 1066 3095 Hrlxpr'rii‘
1089 2974 1157 3035 sqq.

195 3032 430 3113 yttenbach.
454 3034 563 3095 Praei.
591 3035 634 3096 ad
657 3034 825 3096 Phaedon.
850 3057 882 3114 p.
914 3056 1163 3177 umemorsslsqui

144 3193 330 3257 Platonis
350 3215 420 3277 pro
437 3195 740 3258 immortalitate
760 3136 1058 3259 animihumani.
1093 3195 1160 3262 Ro·

143 3277 246 3343 stoch.
271 3279 370 3353 1803,
393 3279 423 3340 4.
443 3274 583 3342 Frairc.
599 3278 798 3342 Pettavcl:
822 3278 883 3345 De
898 3282 1157 3366 argumentis,

140 3361 296 3509 ambus·
309 3361 411 3446 apud
425 3361 637 3460 Platonem
653 3363 868 3427 animorum
882 3363 1157 3434 immortalitas

167 3445 375 3510 efendrtur.
398 3444 539 3510 Berohn.
566 3447 657 3511 1815.
680 3449 711 3511 4.
727 3446 772 3511 Η.
787 3448 1045 3514 Kuhnhardt:
1061 3450 1156 3516 Pla-

145 3112 542 3209 Gust.Fr.Wiggers
563 3113 807 3174 inExamine
822 3112 879 3175 Ar

141 3541 228 3594 tons
242 3528 432 3593 Phaedon
446 3529 518 3594 mit
533 3529 768 3595 besonderer
782 3532 1000 3598 Riicksicht
1014 3535 1155 3602 aufdie

141 3612 622 3700 Unsterblichkeitslehre
637 3615 827 3681 erliiutert
841 3617 919 3681 und
932 3618 1154 3686 beurtheilt.

141 3696 288 3761 Liibeck.
305 3699 397 3760 1817.
414 3699 456 3775 8.,
471 3708 507 3760 ut
523 3698 601 3763 alios
617 3708 749 3764 taceam.
772 3700 841 3765 Nec
856 3702 980 3765 veroid
995 3704 1155 3788 cuiquam,

140 3780 305 3845 ullomodo
315 3781 433 3845 mirum
444 3781 579 3859 accidet,
595 3793 694 3848 totam
709 3807 857 3850 caussam
871 3785 1086 3852 consideranti
1101 3811 1155 3851 ac-

143 3863 295 3929 curatius.
310 3862 375 3928 Est
385 3865 470 3929 enim
481 3865 572 3930 locus
583 3866 622 3930 de
636 3866 874 3935 immortalitate
888 3871 921 3934 in
931 3870 983 3948 iis,
999 3871 1054 3954 qui
1070 3870 1156 3934 eius-

143 3947 229 4010 modi
247 3949 561 4026 demonstrationem,
578 3972 659 4034 quae
673 3952 872 4040 exploratam
888 3953 1004 4018 habeat
1025 3953 1156 4016 eviden-
