2604 4620
503 235 552 283 AD
576 233 790 285 SYMPOSIUM·
1046 237 1147 289 ‚hxxr

95 446 96 455 ,
139 388 233 454 etiam
253 383 540 474 improbabilitatis,
568 386 628 452 etsi
654 410 675 453 a
694 387 802 453 multis
819 387 1025 473 ¹disputatum
1044 389 1148 475 esst),

138 476 245 539 tamen
270 472 331 538 hoc
356 471 427 536 loco
455 472 734 560 commemorande¹
751 466 888 551 videtur,
916 495 980 543 non
1001 495 1067 557 quo
1088 490 1148 540 nos

137 581 206 624 rem
224 557 359 623 multum
379 555 590 644 disceptatum
619 555 661 620 ad
681 556 837 641 liquidum
857 558 1032 643 perducere
1052 580 1149 644 posse

139 643 364 719 existimemus,
388 641 445 706 sed
466 650 502 705 ut
523 650 664 706 nostram
686 640 726 704 de
745 664 784 707 ea
800 643 989 711 sententiam
1008 665 1049 707 ne
1071 665 1147 707 cen-

102 736 105 743 '
139 728 219 793 sulto
239 727 407 797 reticuisse
421 724 597 791 videamur.
619 725 668 791 Ut
680 725 780 812 igitur
794 726 872 810 quid
885 726 932 792 rei
947 727 990 792 sit
1002 737 1149 794 accurate
1252 746 1258 752 ·

138 822 357 898 cognoscatur,
378 820 452 875 ante
473 810 579 877 omnia
600 832 681 893 quae
702 810 868 895 utriusque
892 808 1054 897 Symposii
1067 812 1149 877 ratio
1207 862 1212 877 .

138 897 191 975 sit,
213 895 356 967 breviter
369 893 574 965 indicandum
588 894 725 961 videtur.
746 892 832 960 Nam
845 906 1015 980 perspecto
1029 895 1149 961 utrius·

160 1003 202 1047 ue
225 980 330 1068 operis
346 979 475 1046 consilio
490 1002 623 1046 caussae
637 979 831 1046 diversitatis
852 981 886 1044 in
905 1004 942 1046 eo
958 981 1151 1069 conspicuae

138 1004 265 1131 lircilius
280 1087 356 1130 sane
371 1065 571 1152 detegentur,
593 1065 774 1149 certiusque
790 1065 852 1131 erit
865 1065 1029 1144 iudicium,
1044 1077 1152 1131 utrum

139 1150 347 1236 malignitatis
380 1149 547 1217 cuiusdam
573 1160 606 1215 et
630 1150 772 1216 invidiae
798 1149 935 1236 vestigia
961 1161 1150 1237 appareant,

139 1256 203 1317 qua
217 1233 404 1302 nobilissimi
421 1227 564 1303 Socratis
575 1233 725 1321 discipuli
738 1234 954 1322 flagraverint,
977 1259 1018 1299 an
1032 1235 1153 1301 frustra

140 1321 181 1385 de
194 1364 197 1369 -
211 1318 264 1385 iis·
284 1318 326 1385 sit
357 1319 557 1385 somniatum.
599 1318 664 1385 Est
694 1330 803 1386 autem
830 1330 937 1385 nostro
964 1318 1082 1384 iudicio
1111 1319 1152 1385 de
1173 1332 1180 1347 ”
1223 1384 1228 1393 ,

139 1403 203 1469 utri
263 1427 304 1469 ue
326 1403 430 1488 operis
452 1414 694 1490 argumentost
715 1404 913 1473 consilio'sie
936 1403 1150 1471 statuendum.

139 1488 261 1575 Xenop
283 1490 338 1554 ou'
355 1486 521 1554 Socratem
553 1488 646 1554 nobis
672 1489 816 1556 exhibuit
843 1491 955 1568 talem,
1010 1488 1092 1554 uelis
1118 1487 1154 1553 in

139 1575 213 1658 ipsa
232 1573 300 1639 vita
321 1582 353 1638 et
373 1572 407 1637 in
427 1572 632 1641 familiarium
652 1583 747 1657 atque
769 1574 975 1639 convivarum
988 1511 1155 1640 hilaritate

141 1657 240 1723 fuisse
260 1656 434 1735 videretur,
463 1657 655 1805 induxiqque
676 1680 750 1723 eum
770 1658 810 1722 ds
831 1680 938 1722 amore
960 1680 998 1722 ea
1019 1654 1153 1751 loquen-

142 1752 217 1820 tem,
239 1763 321 1826 quae
343 1763 456 1806 revera
475 1741 539 1826 ipsi
559 1742 755 1828 pacuissent
761 1767 770 1816 3
792 1741 885 1809 Plato
907 1750 1014 1806 autem
1034 1741 1153 1806 amoris

142 1825 324 1912 philosophi
344 1827 572 1912 praestantiam
592 1848 630 1891 sc
656 1826 845 1911 dignitatem
872 1825 1076 1892 adumbravit
1104 1834 1154 1889 at-

143 1933 206 1996 que
227 1910 416 1977 monstrarit
435 1910 531 1989 viam,
554 1932 619 1995 qua
638 1910 679 1975 ad
697 1911 784 1975 illam
799 1910 1033 1996 perveniretur,
1056 1930 1156 1993 eaque

143 1998 232 2061 inre
257 1993 399 2061 Socratis
421 1996 566 2081 exemplo
586 2018 665 2060 usus
685 2006 736 2061 est
757 1996 814 2074 sic,
835 2006 873 2060 ut
892 1995 995 2079 ipsius
1016 1995 1155 2081 imagine

143 2080 246 2147 virtus
271 2078 408 2152 hominis
434 2079 541 2146 divine
562 2102 694 2167 prorsus
720 2079 855 2145 amantis
875 2080 1010 2163 ideoque
1032 2101 1156 2146 summa

144 2165 309 2250 sapientia,
337 2165 552 2231 moderatione
579 2186 617 2230 ac
639 2166 855 2252 temperantia
881 2164 984 2231 ornati
1005 2184 1157 2251 expressa

145 2259 336 2317 cerneretur.
375 2247 469 2330 Quae
496 2251 522 2315 si
548 2259 709 2328 tenemus,
742 2249 995 2336 Xenophontem
1016 2250 1157 2334 profecto

146 2333 254 2399 facile
271 2334 486 2421 intelligemus
515 2331 721 2420 Symposium
754 2358 847 2401 suum
878 2334 970 2401 aliter
1001 2332 1157 2400 adornare

146 2419 296 2484 debuisse
317 2429 414 2502 atque
434 2418 612 2497 Platonem,
634 2421 818 2503 nullumque
840 2443 881 2484 ex
901 2420 961 2484 hae
976 2418 1159 2485 diversitate

145 2513 275 2570 mutuae
306 2504 446 2570 invidiae
477 2515 534 2571 aut
565 2505 803 2572 obtrectationis
836 2514 1059 2592 argumentum
1090 2503 1159 2588 peti

145 2612 252 2675 posse,
264 2588 326 2654 nisi
337 2590 400 2655 alia
410 2591 479 2655 eius
489 2588 608 2655 indicia
616 2590 827 2676 reperiantur.
841 2587 980 2654 Accedit
989 2587 1160 2671 huc‚quod

145 2673 274 2757 utrique
288 2675 469 2740 convivium
484 2675 655 2758 quoddam,
702 2675 861 2741 raesentia
874 2672 1018 2740 Socratis
1033 2671 1160 2739 celebre

147 2759 280 2834 factum,
304 2760 396 2824 alteri
412 2757 545 2838 Calliae,
568 2760 659 2826 alteri
673 2699 867 2846 ligathonis,
891 2782 1040 2825 caussam
1055 2768 1088 2824 ct
1102 2779 1160 2842 op-

148 2843 380 2928 portunitatem
397 2844 557 2909 scribendi
573 2842 759 2929 praebuisse
777 2846 914 2922 videtur,
931 2853 969 2909 ut
983 2843 1059 2908 hinc
1080 2864 1161 2924 quo-

148 2948 212 3009 que
224 2926 432 2992 dissensionis
444 2929 582 2993 rationes
593 2929 680 2994 nullo
691 2929 820 3017 negotio
831 2938 976 3012 repetere
987 2928 1091 2993 liceat.
1104 2924 1162 2989 Vi·

149 3010 281 3076 deamus
300 3010 412 3098 igitur,
434 3012 513 3095 quid
538 3013 664 3076 tandem
680 3013 730 3090 sit,
753 3013 838 3077 unde
853 3013 915 3076 viri
929 3010 1013 3075 docti
1028 3010 1164 3075 alterum

151 3092 359 3179 Symposium
381 3095 563 3179 oppositum
578 3118 648 3160 esse
667 3097 759 3164 alteri
773 3094 1028 3160 coniectaverint.
1049 3093 1165 3175 Itaque

149 3177 291 3267 primum
317 3179 460 3265 aiuntss)
489 3180 524 3244 in
550 3175 723 3267 Symposio
751 3180 896 3245 Platonis
924 3178 1071 3254 tibicinas
1100 3178 1164 3247 eie-

151 3275 231 3344 ctas,
245 3264 333 3351 apud
348 3262 600 3352 Xenophontem
614 3275 725 3332 contra
739 3265 868 3332 easdem
882 3287 947 3330 una
960 3286 1034 3329 curn
1049 3260 1166 3329 scurris

184 3440 211 3502 *)
229 3441 263 3491 V.
281 3434 458 3491 Ceruari'ns
475 3438 585 3491 Praelat.
608 3441 642 3490 ad
658 3439 818 3504 Interpretat.
836 3438 963 3503 Symposii
980 3439 1046 3488 Plat.
1070 3445 1096 3487 et
1112 3440 1165 3489 Xe·

235 3509 315 3573 noph.
334 3525 360 3572 p.
380 3513 411 3558 1³
429 3523 483 3573 sqq.
500 3511 624 3571 Menag.
636 3507 757 3572 adDiog.
774 3509 805 3559 Ι..
823 3507 858 3556 II.
878 3510 916 3558 57.
935 3506 984 3555 111.
997 3512 1037 3557 st.
1055 3507 1166 3558 Mutet.

234 3578 309 3627 Varr.
326 3578 409 3626 Lectt.
426 3577 460 3627 V.
480 3581 520 3625 lt.
542 3576 632 3626 Voss.
649 3575 716 3627 Hist.
734 3573 778 3625 Gr.
796 3576 817 3623 1.
834 3590 860 3639 p.
879 3582 919 3627 24.
950 3575 1167 3634 Hindcnburg.

237 3645 427 3694 Animadversa
445 3645 473 3694 in
484 3644 551 3693 Xan.
562 3643 642 3694 Mem.
654 3642 702 3694 ΠΙ.
717 3650 740 3693 6.
767 3644 976 3693 Tenncmann.
994 3643 1091 3692 Hister.
1103 3640 1167 3704 phil.

238 3713 268 3761 Τ.
286 3715 307 3763 I.
326 3729 351 3776 p.
370 3718 411 3761 24.
435 3719 461 3761 et
482 3713 595 3775 inprimis
613 3712 646 3761 A.
664 3712 780 3761 Beckh.
806 3712 848 3761 De
869 3712 1005 3772 simultate,
1027 3726 1092 3773 quac
1109 3708 1167 3757 Plo-

239 3781 293 3829 tcni
316 3794 375 3830 cum
390 3779 568 3845 Xenophonte
590 3780 759 3831 intercessisse
781 3779 867 3830 fertur.
902 3779 1015 3829 Berolin.
1040 3783 1113 3828 1811.
1144 3780 1167 3822 4.

240 3846 269 3896 O.
291 3848 339 3897 nr.
361 3847 527 3898 Hermann.
554 3847 649 3897 Indice.
675 3849 758 3899 Lectt.
780 3847 903 3897 hosdem.
923 3846 1098 3907 Marburgcns.
1124 3855 1168 3904 per

242 3922 361 4029 {ephesus
371 3917 505 3967 hibernum
514 3930 572 3967 ann.
584 3921 757 3966 1834-1835.
773 3916 954 3964 habendarum.
965 3914 1047 3962 Marb.
1061 3925 1094 3960 cx
1102 3907 1168 3958 ollio.

277 3983 403 4032 wcrtiana.

188 4048 228 4111 **)
246 4048 362 4100 Athen·
379 4052 426 4102 XI·
445 4069 468 4116 p.
489 4059 543 4105 505.
571 4054 600 4103 E.
620 4052 792 4104 Cornarius
809 4052 827 4100 1.
846 4068 866 4098 c.
888 4056 925 4098 14.
