2604 4620
445 223 654 285 errando.
678 244 707 303 p.
729 222 773 284 οε
795 224 840 285 ει.
1136 222 1155 280 τ

143 397 267 464 «nstin.
335 393 424 481 Ίνχη
469 409 530 472 τις·
562 393 672 478 αὐτῷ,
713 384 737 460 ὦ
769 390 972 481 Ἐχέκρατες,
1016 394 1154 477 συνέβη·

138 501 228 582 ἔτυχε
259 491 324 582 γὰρ
358 498 398 589 τῇ
431 498 616 582 προτεραίᾳ
641 498 700 576 τῆς
722 499 811 576 δίκης
836 491 855 575 ἡ
883 491 1018 578 πρύμνα
1046 499 1156 579 ἐστεμ-

138 605 218 680 μένη
251 599 311 662 τοῦ
345 600 485 672 πλοίου,
522 591 539 660 ὃ
573 599 619 670 εὶς
651 598 760 675 Δῆλον
792 591 974 674 Ἀθηναῖοι
1004 599 1154 680 πέμπον-

138 719 201 764 σιν.
253 697 329 763 Ex.
385 699 495 762 Τοῦτο
523 696 556 760 δὲ
580 689 618 774 δὴ
645 699 678 760 τί
702 701 807 774 torm
860 697 986 760 ψΛΜ.
1039 690 1152 760 Τοῦτό

137 803 207 863 ἐστι
240 792 279 862 τὸ
307 799 447 873 πλοῖον,
479 790 523 871 ὥς
544 815 650 884 φασιν
672 791 872 874 Ἀθηναῖοι,
904 800 938 858 ἐν
974 782 999 876 ᾧ
1028 790 1154 875 Θησεύς

138 921 220 963 ποτε
247 902 292 970 εἰς
318 893 459 978 Κρήτην
485 890 564 971 τοὺς
588 896 637 971 δὶς
663 889 747 959 ἑπτὰ
774 898 916 969 ἐκείνους
937 887 1037 977 ᾤχετο
1062 890 1152 978 ὅιμοιν
1181 891 1206 950 Β

138 999 196 1062 καὶ
230 997 327 1060 ἔσωσέ
360 1019 395 1060 τε
429 998 485 1061 καὶ
519 989 622 1071 αὐτὸς
647 992 773 1074 ἐσώθη.
811 995 857 1076 τῷ
884 983 944 1058 οὖν
967 989 1151 1061 Ἀπόλλωνι

141 1091 280 1175 εὔξαντο
289 1141 298 1172 ,
342 1090 387 1172 ὠς
428 1086 568 1181 λέγεται,
615 1090 708 1173 τότε,
748 1101 775 1162 εὶ
808 1097 966 1170 corteno,
1009 1090 1169 1160 έκοίστον

204 1354 386 1422 Ἀθηναῖοι
411 1356 618 1423 πέμπουσιν]
656 1355 735 1412 Quod
759 1358 836 1420 vulgo
860 1359 920 1419 post
944 1357 1090 1422 πέμπουσιν
1106 1355 1154 1407 ad-

139 1424 207 1476 ditur
231 1425 289 1475 ιιπτ’
317 1428 387 1489 troc,
413 1441 474 1476 cum
498 1425 575 1476 Bodi.
602 1426 681 1478 Coisi.
703 1425 768 1477 Ven.
791 1426 849 1476 ΛΞ
856 1423 882 1472 il
892 1425 921 1476 Y.
946 1423 1059 1489 Tubing.
1083 1432 1151 1488 hug.

138 1493 208 1548 Flor.
227 1510 250 1545 a.
269 1494 293 1544 h.
312 1510 335 1546 c.
355 1493 380 1544 d.
399 1493 417 1544 i.
437 1493 498 1544 Pnr.
516 1493 659 1545 CEIHL.
677 1494 739 1546 Zitt.
758 1493 903 1544 omisimus.
939 1494 966 1544 in
981 1492 1057 1546 iiodi.
1069 1499 1153 1546 tamen

138 1567 207 1613 teste
224 1563 374 1613 Gaistordio
394 1561 502 1627 margini
521 1562 680 1627 adscriptum
698 1563 800 1628 iegitur.
837 1561 891 1612 Sed
910 1560 1028 1612 nimirum
1047 1578 1090 1613 res
1108 1577 1153 1612 ac-

136 1631 249 1680 curatius
267 1631 291 1680 in
310 1631 479 1694 sequentibus
498 1629 650 1682 declaratur.

207 1696 333 1760 Θησεύς
350 1698 445 1763 ποτε]
467 1697 522 1749 Vnt.
543 1698 603 1748 Par.
624 1692 656 1749 G.
678 1697 767 1750 Ambr.
786 1714 848 1746 ποτε
869 1693 979 1760 Θησεύς.
1015 1696 1079 1749 Mox
1093 1697 1152 1748 Par.

137 1763 170 1816 Ε.
188 1764 259 1815 Flos.
277 1765 305 1814 b.
324 1760 434 1828 ἄγαμόν.

136 1961 168 2012 ἅν
186 1961 354 2027 partionis
373 1975 399 2023 p.
421 1958 478 2012 113.
505 1956 576 2018 ὅςτις
592 1958 624 2008 ὃν
675 1959 707 2011 tis
727 1958 805 2010 docet
821 1960 896 2009 iocus
914 1957 1056 2027 Xenoph.
1075 1961 1157 2022 Mem.

136 2058 170 2091 ÷
190 2025 223 2094 ἦν
241 2029 325 2079 minus
352 2029 484 2091 eleganter
504 2028 565 2094 poni
584 2028 624 2078 iu·
674 2027 718 2079 lv.
737 2027 769 2090 8,
787 2025 813 2079 2.
838 2026 905 2079 conf.
923 2028 1035 2095 Epistol.
1053 2031 1155 2086 Socrui,

139 2099 245 2149 dicabat
253 2102 545 2162 propterantegressum
555 2101 623 2148 tem·
676 2095 715 2149 id.
734 2095 868 2146 Seneca
885 2094 971 2162 Epist.
989 2098 1030 2150 70.

139 2163 364 2232 puapersect'um,
389 2162 505 2228 ἐφῖκται.
543 2163 621 2216 Quod
707 2155 1155 2232 riorimirrodso]h.e.cnr

139 2240 225 2285 tamen
243 2231 302 2283 ride
326 2247 358 2282 ne
376 2231 426 2282 hoc
444 2230 522 2282 modo
541 2234 621 2298 erpti—
671 2232 702 2283 id
721 2232 768 2282 ita
788 2231 916 2285 iactum
936 2233 1010 2286 eati

139 2300 248 2353 candum
274 2300 320 2351 ah:
344 2299 406 2349 οὔτε
434 2317 475 2356 τις
498 2301 552 2350 ἔστι
572 2306 621 2351 τῶν
706 2298 721 2364 η’
742 2298 876 2368 πρύμνα
899 2303 960 2351 ἐστ.
978 2322 1010 2365 r.
1034 2304 1154 2353 πλοῖον

138 2372 212 2426 ξένοιν
237 2373 287 2419 τῶν
318 2369 417 2418 ἐκεῖθεν
447 2366 620 2434 ἀφικομένων,
671 2395 706 2409 -
723 2368 920 2434 niatronae}
948 2371 987 2420 De
1012 2368 1059 2421 hac
1082 2386 1153 2422 rev.

137 2435 210 2496 δ’ςτις
233 2464 265 2476 -
289 2430 347 2494 οἷός
372 2434 398 2485 τ’
427 2429 468 2498 η’ν.
507 2436 620 2488 Prorsus
671 2452 738 2503 qnae
756 2437 916 2487 narravimus
935 2437 969 2488 ad
981 2438 1079 2491 Criton.
1098 2455 1154 2503 cap.

138 2504 232 2558 ecdem
259 2504 339 2556 modo
362 2503 508 2570 Euripid.
525 2505 620 2557 Medea
670 2506 690 2559 i.
708 2503 774 2558 eritr.
801 2516 805 2525 ·

137 2569 620 2636 ν.1306.οὗκῙστινῆ’τιςτσῦτ’ἂν
704 2571 911 2638 ἐστεμμένη]
948 2571 972 2622 h.
1005 2587 1029 2624 e.
1059 2573 1154 2624 iauro

135 2635 246 2704 Ἑλληνὶς
262 2639 324 2707 γυνὴ
345 2639 493 2705 triaaod‘.
528 2641 564 2692 Et
581 2642 620 2693 vi·
670 2646 802 2705 ornata,
821 2656 889 2706 quae
907 2656 984 2692 sacra
1000 2646 1056 2693 erat
1074 2642 1155 2708 Apol·

138 2711 233 2762 dentur
250 2708 315 2761 hanc
328 2710 453 2761 rationem
468 2710 620 2762 confirmare
669 2711 722 2763 lini.
1150 2720 1154 2725 '

138 2778 366 2844 etiamproximar
389 2776 455 2841 πλήν
478 2795 507 2843 με
528 2777 622 2843 δὴὲτν
705 2775 894 2844 πίμπσνσι]
933 2777 1155 2830 sollemniter

139 2845 279 2914 φάρμακον
295 2844 361 2895 πιὼν
378 2843 543 2898 ἀποθάνοι,
672 2848 815 2900 mittunt.
851 2845 990 2911 Proprium
1016 2844 1065 2898 hac
1082 2847 1107 2896 in
1127 2861 1156 2897 re

174 2915 208 2965 Β.
243 2911 441 2964 Οὕδὲτὰπε
474 2913 623 2976 inicit-
673 2916 836 2966 vocabulum.
877 2913 929 2964 vid.
965 2912 1084 2981 Spanh.
1122 2913 1155 2964 ad

139 2979 281 3046 ιιηεσῖριι
307 2982 371 3048 επ]
409 2931 495 3032 initis
514 2981 624 3046 nequis
675 2981 930 3046 Caiiimach.iiynnr.
949 2980 1156 3036 nortonam.

142 3048 175 3101 rai
194 3047 316 3110 droithan
334 3048 403 3112 δίκην
421 3050 543 3110 requiret,
561 3050 626 3100 scite
712 3051 742 3097 ἐν
766 3041 784 3113 ᾧ
813 3046 942 3110 Θησεύς
966 3048 1016 3113 -]
1056 3049 1157 3111 „Nimi-

143 3115 257 3167 ostendit
281 3114 467 3164 Fischerua
495 3115 551 3178 περὶ
570 3129 627 3165 curn
679 3130 736 3167 rum
763 3115 867 3174 Minos,
894 3129 941 3165 rex
956 3115 1065 3176 Cretae,
1091 3117 1160 3166 necis

143 3183 261 3234 secundo
293 3196 358 3231 casu
384 3196 442 3231 esse
465 3182 627 3231 coniunctum
681 3181 824 3247 Androgei,
848 3180 892 3231 iiiii
918 3181 973 3244 sui,
992 3181 1160 3237 vindicandae

142 3257 251 3319 propter
270 3249 377 3300 verbum
391 3246 537 3300 ἐπύθεσθε.
557 3265 581 3300 ν.
595 3248 628 3299 ad
680 3266 771 3315 cansa,
796 3264 819 3300 ν.
838 3249 1007 3301 Plutarch.
1026 3249 1066 3300 vit.
1088 3251 1158 3306 The.

142 3321 255 3385 Apoiog.
276 3318 377 3370 Socrat.
399 3333 454 3383 cap.
465 3316 525 3369 XX.
543 3334 567 3383 p.
586 3316 628 3372 32.
681 3319 718 3371 aei
737 3335 761 3384 p.
784 3316 809 3370 6.
834 3317 973 3372 Pauaan.
992 3318 1011 3373 Ι.
1029 3317 1064 3372 27
1082 3327 1158 3386 enin,

142 3389 178 3440 Β.
202 3392 229 3438 et
251 3386 316 3437 inira
347 3384 379 3436 ad
408 3402 463 3451 cap.
491 3385 574 3439 xxn.
603 3403 629 3453 p.
680 3387 847 3439 Athenienses
873 3393 1048 3454 oppugnatum
1080 3405 1159 3442 vene·

142 3455 186 3511 76.
204 3456 235 3509 D.
255 3457 314 3506 coli.
337 3454 508 3506 Matthiae
526 3455 549 3518 §.
568 3455 627 3509 595.
679 3464 734 3507 rat:
758 3454 805 3506 sed
828 3453 950 3506 discessit
974 3455 1078 3509 tandem
1111 3456 1159 3510 hac

142 3525 168 3579 5.
188 3523 220 3574 ad
238 3523 263 3577 b.
679 3526 750 3589 lege,
772 3529 800 3574 nt
816 3521 865 3588 ipsi
884 3537 952 3574 nono
970 3538 1074 3589 quoque
1092 3541 1158 3577 anno

177 3593 209 3644 P.
236 3591 277 3645 58.
318 3597 428 3643 ταῦτα
461 3592 519 3658 μὲν
549 3588 630 3657 ἡμῖν
679 3592 765 3643 trihnti
800 3592 857 3641 ioco
893 3592 997 3644 Cretam
1028 3594 1161 3645 mitterent

142 3661 290 3727 ἤγγειλέ
311 3657 378 3725 τις]
415 3658 495 3711 Quod
519 3661 630 3725 μὲνρο-
679 3668 801 3725 septenas
848 3659 959 3724 virgines
1000 3661 1160 3726 totidemque

142 3731 211 3782 nitur
228 3743 278 3779 non
296 3733 419 3792 aequente
441 3729 485 3789 cit,
510 3728 564 3778 eius
588 3728 625 3778 rei
675 3744 770 3795 pueros
792 3725 912 3791 (ἠϊθέους
936 3726 997 3778 ἑπτὰ
1023 3731 1067 3778 καὶ
1092 3748 1159 3794 παρ·

144 3811 265 3851 caussam
299 3796 487 3847 declaravimus
510 3795 542 3847 ad
570 3795 627 3847 Cri·
678 3794 1160 3859 νέιουςτοσιιύτσεΡΙντετοΙι.,πσρ-

143 3875 199 3919 ton.
222 3882 247 3932 p.
275 3862 321 3919 43.
338 3863 372 3916 Ι).
397 3863 461 3914 ἀλλὰ
486 3864 560 3915 δοκεῖ
581 3866 628 3933 μίν
677 3867 774 3922 ddacng
797 3863 861 3914 ἔπτὰ
889 3865 933 3913 καὶ
964 3866 1058 3918 παῖδας
1090 3865 1161 3916 raone

142 3953 192 4004 μοι
209 3933 284 3998 εἴξειν.
678 3932 855 3997 Pansae),
880 3933 923 3995 qui
942 3932 1162 3984 devorarentsra

180 3997 466 4069 πολλῷιῗστιρσν]
488 3999 630 4065 tringin-
680 4000 828 4053 Minotauro
860 4000 887 4049 in
913 3992 1080 4067 Labyrintho.
1124 3992 1160 4045 Hi

144 4085 179 4130 ta
204 4069 319 4123 dicbus
336 4075 431 4136 post,
452 4068 479 4143 id
498 4067 568 4135 quod
587 4083 631 4120 sa-
682 4074 742 4121 annt
769 4069 795 4118 ot
818 4065 858 4122 dic
875 4064 937 4115 iarn
957 4067 1063 4143 isthoc
1090 4058 1162 4114 rne-
