2604 4620
437 215 506 291 AD
533 214 866 294 PHAEDONEM-
1140 228 1163 299 3

146 396 203 481 qni
228 407 261 462 te
283 396 398 464 lubens
423 398 467 464 ed
491 397 613 464 inferos
637 410 808 477 secuturus
830 401 881 466 sit
912 397 978 468 Cui
1001 398 1164 481 Socrates,

145 503 253 548 nonne
270 478 420 561 Evenus,
441 482 626 582 respondit,
648 494 697 549 est
717 484 951 585 philoscphus?
975 484 1037 551 Illo
1056 497 1165 552 autem

145 563 208 631 hoc
222 565 417 646 affirmante,
440 567 541 667 igitur
554 589 660 651 neque
673 567 818 647 Evenus,
832 570 948 655 inquit,
962 581 1098 636 mortem
1113 594 1165 636 re-

93 655 97 661 ’
146 649 283 730 cusabit,
296 674 403 738 neque
411 674 584 736 qulsquam
595 651 688 731 nlius,
702 654 897 738 quiquidem
908 654 1091 740 philosophi
1105 676 1165 720 no·

144 735 230 800 mine
250 736 284 800 di
330 760 372 802 us
390 736 494 800 videri
508 734 594 800 velit.
617 734 813 821 Quanquam
826 738 887 804 hoc
902 739 1000 804 nolim
1012 739 1058 804 its
1071 763 1092 805 e
1106 761 1164 805 vo·

144 817 196 884 bis
202 819 278 895 ,inte
302 821 358 906 ‘gi‚
378 841 418 884 ac
433 818 461 884 si
474 819 564 883 illum
577 818 721 884 iuberem
737 820 798 886 sibi
811 844 942 886 manum
955 823 1089 900 inferre3
1103 824 1165 891 hoe

113 932 116 939 ·
144 904 232 969 cuim
245 903 416 970 verissime
430 902 520 967 nefas
532 903 743 989 iudicetur*).

203 987 322 1070 Atqui,
336 986 383 1050 sit
393 983 556 1066 Simmiae,
570 985 817 1055 haeccineinter
831 1012 865 1054 se
877 989 1067 1068 consentire,
1081 992 1165 1076 quse

147 1083 185 1136 tu
206 1070 300 1148 dieis,
326 1072 535 1156 appetendam
560 1073 690 1157 quidem
710 1096 782 1138 esse
803 1085 950 1152 mortem,
976 1096 1036 1141 nec
1057 1084 1165 1142 temen

146 1155 299 1239 cuiquem
314 1155 410 1220 licere
429 1179 463 1222 se
483 1156 592 1242 ipsum
611 1157 817 1224 interimere?
841 1158 917 1246 Ego
936 1171 1038 1236 certe,
1060 1181 1165 1244 quen·

146 1260 243 1389 qqem
256 1239 332 1304 clim
348 1238 383 1306 in
396 1241 502 1326 patrie
514 1265 588 1309 mee
601 1241 712 1309 audivi
726 1242 920 1322 Philolaum,
942 1243 1081 1310 nobilem
1094 1243 1164 1328 Py-

200 1345 345 1410 goreum,
369 1325 496 1404 eedem,
522 1349 606 1412 quae
632 1337 667 1392 tu
690 1327 788 1406 dicis,
814 1327 1031 1404 dictitentem3
1058 1337 1165 1394 tamen

143 1429 310 1492 nunquam
334 1408 430 1475 huius
450 1411 628 1477 sententiae
649 1411 791 1478 rationes
811 1412 907 1498 plane
928 1411 1020 1512 potui
1042 1434 1164 1498 cugno-

143 1513 233 1558 seere
252 1503 309 1558 aut
322 1495 517 1580 perspicere.
540 1493 652 1577 Quare
673 1497 702 1562 si
717 1508 753 1562 tu
766 1497 839 1562 illus
854 1497 1017 1583 exphcere
1030 1494 1165 1562 uberius

141 1587 175 1642 et
194 1578 382 1644 confirmare
404 1578 524 1644 certius
542 1601 641 1665 posse
662 1580 722 1648 tibi
741 1580 892 1660 videaris,
915 1603 976 1682 age
989 1578 1084 1647 nobis
1098 1580 1164 1646 noli

141 1659 285 1728 invidere
304 1685 352 1741 ea,
374 1686 458 1749 quae
472 1664 610 1730 dicenda
623 1664 753 1731 habens.
797 1665 862 1731 His
877 1665 996 1731 auditis
1012 1663 1164 1732 Socrates
1201 1712 1206 1722 ·

144 1766 180 1811 se
194 1757 345 1828 puratum
359 1748 499 1812 ostendit
518 1749 562 1812 ud
581 1750 788 1832 exponendas
802 1750 850 1814 rei
864 1750 1018 1827 rationes,
1034 1771 1116 1833 ques
1129 1749 1165 1814 in

142 1838 275 1919 promtu
283 1827 427 1904 haberet,
443 1851 525 1911 ques
535 1841 643 1893 temen
658 1853 693 1894 se
703 1854 769 1894 non
781 1833 890 1914 ipsum
899 1833 1060 1916 reperisse
1070 1831 1164 1909 dixit,

143 1913 203 1979 sed
219 1911 318 1978 fendo
338 1909 380 1976 ab
401 1911 473 1976 eliis
493 1912 668 1996 accepisse.
696 1911 820 1977 Mirum
842 1936 936 1990 vero,
955 1913 1079 1997 inquit,
1100 1938 1167 1979 non

141 1996 261 2063 iniuria
278 1995 375 2062 alicui
397 1994 555 2072 videntur,
582 1995 669 2080 quod
687 2005 783 2061 antee
797 1997 920 2062 dictum
934 2008 993 2074 est,
1014 1997 1112 2062 etium
1124 1997 1166 2065 iis

141 2079 343 2158 hominibus,
365 2079 420 2164 qui
440 2090 577 2144 mortem
598 2091 750 2180 tanquam
772 2079 893 2146 bonum
912 2081 1043 2166 aliquod
1063 2104 1163 2168 expe-

143 2174 231 2242 tent,
256 2164 346 2231 nefas
367 2187 438 2230 esse
464 2162 593 2230 sibimet
613 2163 624 2228 i
648 2188 695 2230 srs
715 2164 776 2231 hoc
798 2163 989 2232 beneficium
1009 2165 1163 2246 tribuere,

143 2249 392 2335 sedexspectare
403 2247 598 2327 eosdebere,
636 2249 1161 2338 oneculiuseodemipscsafficiat

102 2410 109 2419 t
140 2334 190 2399 At
209 2334 295 2399 enim
312 2356 389 2400 vero
407 2333 505 2398 habet
525 2334 580 2398 illa
599 2333 758 2400 sententia
776 2335 909 2402 idoneas
923 2346 1093 2420 certasque
1107 2359 1161 2401 ra·

141 2419 254 2485 tiones.
281 2415 367 2483 Nam
385 2417 532 2483 homines
555 2419 590 2483 in
614 2418 674 2485 hoc
700 2442 833 2505 corpore
858 2443 878 2486 e
903 2421 964 2485 deo
988 2420 1162 2485 immortali

141 2512 295 2588 tunquam
312 2502 347 2566 in
367 2523 494 2568 earcere
509 2503 648 2586 quodum
663 2503 780 2569 inclusi
794 2515 880 2582 sunt,
900 2528 941 2569 ex
956 2527 1021 2589 quo
1035 2504 1162 2570 iniussu

141 2587 258 2652 summi
271 2585 475 2672 imperatoris
489 2587 609 2652 nemini
624 2588 778 2674 aufugere
791 2588 880 2654 licet:
901 2599 998 2688 atque
1013 2589 1162 2674 persuasi

139 2671 219 2736 mihi
232 2671 362 2757 penitus
377 2693 448 2738 esse
463 2694 583 2736 numen
597 2671 752 2750 divinum,
768 2673 856 2757 quod
868 2673 1036 2738 hominum
1050 2696 1161 2739 curem

139 2765 246 2844 geret,
269 2756 403 2857 eiusque
416 2755 558 2822 numinis
576 2755 721 2822 homines
740 2780 812 2823 esse
827 2780 938 2824 servos
952 2769 1051 2844 etque
1064 2759 1160 2824 mini·¹

139 2850 235 2906 strcs.
258 2838 421 2922 Quocirca
439 2841 534 2906 nobis
552 2864 618 2907 non
636 2842 713 2907 licet
732 2853 845 2907 nostro
865 2842 1024 2909 arbitratu
1044 2866 1085 2909 ex
1099 2843 1161 2908 huc

139 2924 207 2989 vitu
221 2924 400 3004 discedere,
424 2925 482 2991 sed
496 2927 760 3011 exspectandum,
782 2927 885 2992 donec
903 2927 975 3026 ipse
994 2928 1076 2994 deus
1100 2949 1160 2992 nos

138 3008 254 3075 liberet
274 3021 371 3095 etque
384 3011 460 3074 hinc
474 3010 661 3075 discedendi
675 3011 901 3075 necessitatem
914 3012 1076 3075 immittet.
1104 3010 1161 3072 Ad

138 3092 221 3156 haec
235 3105 343 3156 autem
358 3091 481 3167 Cebes,
495 3093 560 3155 istu
574 3093 705 3173 quidem
719 3093 747 3155 si
761 3115 839 3154 vere
852 3103 939 3167 sunt,
952 3093 1069 3173 inquit,
1084 3113 1161 3153 con·

141 3175 299 3259 sequitur,
314 3186 352 3238 ut
365 3172 473 3239 stultis
486 3173 593 3237 animo
607 3194 711 3257 aequo
724 3173 926 3238 moriendum
940 3173 992 3251 sit,
1007 3173 1161 3259 snpienti-

113 3300 117 3307 -
139 3259 204 3326 bus
218 3282 283 3325 non
299 3259 385 3325 item.
411 3257 544 3322 Etenim
559 3257 693 3322 sedtum
713 3257 810 3322 fuerit
823 3256 967 3343 profecto
981 3279 1022 3322 ex
1037 3280 1075 3325 eo
1089 3257 1160 3324 loeo

138 3345 321 3422 discedere,
331 3343 387 3408 ubi
394 3341 553 3428 optimum
560 3341 725 3406 dominum
732 3341 864 3420 hebens,
880 3342 987 3421 deum,
999 3343 1055 3428 qui
1062 3342 1159 3408 saluti

138 3442 215 3496 tuae
229 3428 421 3516 prospiciet:
435 3451 459 3492 n
500 3450 541 3492 ue
555 3427 642 3492 enim
655 3427 818 3493 meliorem
832 3426 929 3492 etiem
942 3439 1097 3495 nacturus
1114 3427 1158 3494 sis

137 3515 216 3581 alibi
245 3514 419 3579 dominum.
492 3511 595 3578 ebetis
625 3512 800 3578 sententiae
831 3512 968 3578 accessit
994 3512 1157 3579 Simmiae.

138 3601 225 3665 Tum
240 3620 316 3665 vero
333 3595 497 3675 Socrates,¹
518 3597 605 3684 agite
616 3597 728 3685 igitur,
743 3621 763 3663 ο
778 3595 866 3676 boni,
879 3596 996 3683 inquit,
1010 3598 1156 3684 quando·

160 3685 268 3750 uidem
283 3683 362 3748 mihi
374 3682 464 3748 litem
477 3681 656 3760 intenditis,
672 3704 803 3750 causam
817 3705 923 3750 mecm
936 3684 1024 3769 apud
1038 3707 1096 3749 vos
1110 3682 1158 3748 its

137 3707 255 3846 dicem,
280 3777 316 3832 ut
341 3766 434 3833 vobis
459 3789 556 3832 coner
577 3767 647 3832 eius
671 3767 847 3834 benitatem
869 3766 1006 3853 probare
1026 3767 1155 3842 certius,

189 4045 524 4110 uumu-nn
