2604 4620
435 192 448 199 ’
538 224 588 271 An
611 224 828 276 srnrosrusr.
1094 229 1185 279 xxxi

168 381 321 468 inquam
341 380 430 468 apud
451 380 599 480 aequales
619 378 796 458 incidisset,
816 379 912 444 iustis
933 379 1081 446 vindiciis
1101 379 1183 447 libe·

168 479 304 533 raretur.
324 464 440 550 Neque
453 488 539 530 emm
548 465 720 549 quisquam
730 474 873 530 veterum
884 464 1087 550 scriptorum,
1098 467 1185 549 quod

170 575 230 618 nos
250 550 380 635 quidem
402 549 650 626 meminerimus,
672 549 842 614 memoriae
856 549 999 634 prodidit
1012 550 1112 614 malos
1126 573 1183 614 ru-

171 658 274 701 mores
288 635 329 700 de
344 636 406 700 viri
425 634 580 720 pudicitia
593 632 742 711 Athenis,
764 633 843 699 dum
861 634 982 698 viveret
1003 641 1059 697 ant
1077 636 1186 717 paullo

119 754 124 783 ι
169 730 254 806 poet,
275 719 469 784 manavisse.
491 718 621 782 Etenim
641 716 864 803 Xenophon
886 718 1017 802 quidem
1037 716 1139 782 Mem.
1157 717 1185 782 I.

170 807 200 883 2,
217 805 248 869 1.
270 804 358 887 quod
372 812 617 868 commemorato
631 801 728 868 altero
750 801 961 867 accusationis
984 801 1103 886 capite:
1119 800 1184 864 Σω-
1271 874 1274 879 .

169 890 281 972 κράτης
295 887 381 955 νέους
397 887 562 971 διέφθειρε,
573 886 725 952 continuo
736 883 1050 952 ostenditSocratem
1059 886 1188 951 omnino

130 1007 134 1011 ·
169 971 340 1041 blissando
358 971 539 1055 ἀφροδισίων
555 969 798 1054 ἐγκρατέστατον,
809 970 844 1034 id
854 969 933 1035 nihil
943 969 1070 1057 probat.
1080 969 1188 1035 Multo

169 1057 278 1121 minus
299 1064 407 1119 autem
427 1054 625 1120 auctoritatis
644 1053 763 1117 habent
785 1075 870 1136 quae
915 1054 1079 1119 osterioris
1098 1066 1187 1119 aeta·

172 1140 214 1204 tis
235 1141 410 1224 'scriptores
432 1138 641 1203 tradiderunt.
676 1136 761 1200 Nam
780 1158 863 1220 quae
889 1076 987 1203 habet
1006 1138 1186 1225 Porphy-

170 1225 256 1288 rius
277 1247 296 1287 a
319 1224 365 1288 ud
385 1222 622 1288 Theodoretum
643 1217 701 1286 Gr.
715 1219 836 1287 Affeos
848 1218 927 1286 Cur.
943 1222 1015 1288 Ser.
1031 1226 1063 1288 4.
1083 1246 1132 1308 pr.
1155 1235 1187 1288 et

170 1307 261 1392 apud
352 1307 442 1371 illum
469 1315 581 1370 contra
602 1304 716 1370 Iulian.
738 1327 771 1391 p.
793 1307 864 1371 186.
886 1305 949 1383 1).,
979 1329 1018 1374 ea
1042 1329 1143 1392 quum
1168 1331 1187 1373 e

169 1391 253 1457 male
274 1390 442 1457 intellectis
456 1388 600 1455 Platonis
614 1401 647 1455 et
659 1389 888 1476 Xenophontis
906 1392 987 1456 locis
1002 1392 1099 1456 ducta
1114 1392 1187 1470 sint,

169 1475 290 1542 nullius
310 1475 462 1540 momenti
484 1484 576 1553 sunt3
598 1496 659 1539 nec
679 1474 851 1558 quisquam
870 1476 935 1540 huc
956 1476 1120 1542 revocabit
1138 1477 1189 1542 io-

170 1580 226 1626 cos
246 1557 419 1625 Luciani
445 1559 480 1623 in
505 1558 680 1624 Amoribus
702 1581 730 1623 c.
749 1560 801 1623 24.
823 1559 863 1624 Τ.
884 1559 928 1624 Π.
950 1583 982 1645 p.
1004 1561 1077 1626 424.
1122 1558 1188 1626 Sed

171 1653 316 1711 veterum
337 1643 574 1709 criminationes
595 1641 718 1707 dudum
737 1643 914 1729 prudenter
934 1645 1088 1710 refutavit
1103 1643 1188 1709 Ma·

172 1726 298 1794 ximus
313 1727 460 1813 Tyrius
474 1727 564 1793 Diss.
580 1727 633 1791 25.
648 1728 700 1791 26.
716 1738 748 1790 et
762 1727 814 1791 27.
836 1728 876 1792 al.
893 1729 923 1791 9.
940 1729 990 1792 10.
1013 1740 1046 1793 et
1068 1731 1130 1806 11.,
1152 1740 1189 1793 nt

141 1859 155 1873 ,
172 1811 318 1961 prolecto
340 1834 627 1898 supervacaneum,
654 1811 752 1876 immo
772 1810 917 1897 ineptum
937 1810 1064 1877 Platoni
1086 1813 1189 1878 videri

195 1895 321 1963 abuerit
344 1896 562 1963 innocentiam
588 1905 622 1961 et
650 1895 851 1961 sanctitatem
873 1893 1027 1974 Socratis,
1056 1920 1077 1961 a
1102 1898 1189 1963 nullo
1246 1903 1249 1906 ’

171 2002 325 2066 umquam
345 1982 380 2046 in
398 1979 648 2048 controversiam
662 1980 819 2058 vocatam,
841 1980 1013 2046 defendere
1031 1982 1111 2047 velle
1133 2002 1188 2046 eo-

172 2062 237 2151 que
257 2066 353 2153 modo
373 2067 474 2131 malas
497 2064 695 2164 suspiciones
710 2065 849 2130 excitare
864 2065 982 2164 potius,
1003 2087 1102 2150 quam
1116 2087 1188 2151 ess-

173 2151 249 2217 dem
270 2150 426 2223 refellere.
450 2149 500 2215 Ut
520 2149 620 2249 igitur
633 2151 681 2214 lar
705 2150 903 2228 'endums1t,
925 2150 1012 2234 qnod
1026 2160 1110 2216 certe
1124 2174 1190 2219 non

173 2234 357 2301 abhorreta
379 2234 665 2311 verisimihtudine,
717 2235 854 2299 latonem
875 2234 910 2298 id
930 2235 1046 2323 egisse,
1068 2247 1106 2300 ut
1127 2233 1190 2302 So·

175 2329 298 2397 cratem
318 2331 452 2407 propter
465 2319 714 2384 familiaritatem
728 2317 919 2396 Alcibiadis,
942 2342 1039 2402 quam
1054 2321 1085 2385 ei
1098 2321 1191 2386 multi

174 2403 299 2470 crimini
323 2405 511 2482 vertissent,
543 2404 747 2481 defenderet,
778 2413 892 2468 tamen.
912 2426 951 2468 ea
978 2405 1120 2470 defensio
1148 2406 1198 2470 ad

173 2487 262 2553 aliud
284 2488 374 2575 quid,
401 2512 462 2555 nec
487 2511 564 2554 vero
589 2487 632 2553 ad
651 2487 873 2572 impudicitiae
895 2488 1015 2554 crimen
1035 2490 1173 2575 pertinet
1179 2514 1190 2566 3

174 2583 242 2638 tota
262 2583 370 2640 autem
389 2573 470 2639 haec
490 2573 591 2638 oratio
612 2572 647 2637 id
668 2571 999 2658 habetpropositum,
1026 2585 1064 2639 nt
1084 2574 1190 2660 philo-

175 2658 267 2744 sophi
287 2659 439 2724 amatoris
459 2659 568 2747 imago
581 2657 631 2724 ‘ob
652 2659 762 2724 oculos
786 2668 935 2744 ponatur.
1136 2731 1139 2738 ,

215 2742 327 2828 Atque
355 2767 397 2810 ex
423 2743 474 2808 his
501 2743 649 2809 omnibus
670 2742 877 2829 perspicuum
898 2744 968 2809 fore
988 2745 1190 2823 arbitramur,

175 2849 274 2912 quam
295 2839 384 2895 arcte
406 2851 528 2912 quaes
551 2826 685 2895 Socrate
714 2840 747 2894 et
775 2827 816 2893 ab
837 2827 1008 2895 Alcibiade
1029 2829 1079 2894 dis
1103 2839 1192 2894 utata

130 2916 144 2927 ”
175 2922 262 2990 sunt,
284 2913 368 2977 inter
379 2913 454 2999 lpsa
467 2915 666 2991 cohaereant,
689 2924 726 2978 nt
746 2914 889 2997 profecto
908 2914 1067 2978 affirmare
1080 2852 1188 2992 licem,
1243 2930 1247 2937 ·

174 2996 239 3060 ista
258 2997 455 3063 omnianrte
476 3019 608 3082 prorsus
630 2998 787 3084 singulari
807 2997 854 3062 ita
875 3020 946 3063 esse
966 2998 1121 3083 exposita,
1143 3008 1191 3076 ut,

177 3080 386 3162 quantumvis
406 3081 510 3166 prima
530 3083 637 3168 specie
651 3083 778 3149 diversa
790 3103 867 3147 esse
883 3081 1062 3160 videantur,
1085 3092 1192 3151 tamen

175 3185 290 3230 revera
311 3163 354 3229 ad
373 3187 474 3230 unum
494 3166 810 3260 eundemque-finem
830 3168 961 3256 egregie
984 3167 1177 3254 conspirent.

219 3414 378 3501 Sequitur
404 3417 480 3498 iam,
510 3430 546 3484 ut
572 3420 613 3486 de
639 3431 817 3487 ceterorum
839 3442 967 3505 quoque
987 3422 1194 3487 convivarum
1254 3484 1258 3490 .

175 3501 375 3568 orationibus
390 3503 469 3587 quid
482 3503 618 3569 iudicari
633 3515 786 3591 oporteat,
802 3505 1037 3590 exquirendum
1051 3507 1102 3572 sit.
1117 3506 1191 3572 Du·
1270 3571 1274 3578 .

175 3586 313 3651 bitatum
336 3598 386 3652 est
407 3588 491 3653 enim
513 3610 534 3652 a
556 3586 943 3668 Schleiermachero,
971 3589 1192 3665 Rdckerto,

177 3668 412 3752 Hcmmelio,
435 3664 594 3751 aliisseae
616 3695 769 3758 quorsum
792 3697 807 3740 s
832 3685 937 3741 ectent
959 3685 992 3741 et
1012 3696 1077 3759 quo
1098 3673 1194 3738 modo

178 3775 250 3820 cum
270 3757 413 3824 universi
433 3757 541 3845 operis
562 3769 753 3845 argumento
775 3698 975 3825 cohaereant.
999 3759 1053 3823 De
1073 3779 1138 3840 qua
1157 3776 1195 3820 ro

178 3838 238 3904 etsi
263 3842 305 3906 ad
330 3842 416 3908 hunc
443 3865 546 3927 usque
572 3842 659 3909 diem
684 3844 720 3909 in
740 3844 846 3909 varias
866 3854 974 3930 partes
995 3842 1194 3926 disputatum

177 3933 237 4003 est,
259 3935 365 3991 tamen
385 3928 546 3994 neminem
566 3949 761 4082 quemquam
781 3929 941 4007 novimus,
969 3924 1127 4024 quiquid
1146 3924 1195 3990 rsi

177 4004 225 4075 sit'
240 4011 335 4096 plane
356 4011 540 4096 perviderit.
596 4025 663 4082 erte
683 4034 743 4081 nos
764 4034 923 4097 nusquam
944 4030 1104 4095 repensae
1124 4028 1195 4078 mc·
1223 4068 1225 4073 ,
1264 4060 1270 4066 .
