2604 4620
138 226 224 272 nxvr
498 206 764 265 Priorrdeouaun

134 377 243 443 licitus
265 383 298 437 et
318 371 477 436 communi
504 392 590 436 more
620 372 769 455 receptus
789 376 866 431 erat.
900 365 1008 448 Quod
1031 364 1158 451 quidem

135 465 181 526 ita
201 462 247 537 fit,
275 468 310 520 ut
336 478 400 520 non
428 455 522 520 modo
544 454 740 531 ostendatur,
768 474 905 537 quanam
927 450 985 515 hic
1009 458 1088 517 cum
1105 452 1159 519 illo

136 543 325 631 cognatione
341 539 552 617 contincatur,
572 539 792 603 verumetiam
810 547 979 623 appareat,
1003 548 1159 621 quantum

136 633 220 694 inter
246 638 419 710 utrumque
447 624 639 690 discriminis
667 621 852 688 intercedat.
890 620 1112 707 Quamquam
1130 622 1159 685 id

136 714 230 778 aliter
250 712 417 798 peragitur
443 711 477 774 in
498 710 656 786 Phaedro,
685 708 779 773 aliter
800 708 833 771 in
856 704 1054 793 Symposio.
1082 706 1159 771 Nam

137 800 171 862 in
191 797 339 863 Phaedro
365 796 494 881 quidem
523 793 712 879 simpliciter
731 792 905 878 opponitur
932 814 1032 858 amor
1055 792 1158 857 adole·

138 883 295 947 scentiam
316 883 400 946 inter
421 878 566 945 Graecos
588 901 648 965 pro
669 878 801 944 honesto
815 877 972 963 probatus
988 876 1160 953 diviuoilli

138 969 248 1046 amori,
270 989 333 1050 quo
354 977 468 1050 pectus
489 963 671 1050 philosophi
686 963 787 1029 calere
808 960 990 1041 iudicatur3
1014 962 1055 1028 iu
1070 960 1160 1049 Sym·

138 1053 229 1138 posio
251 1061 359 1115 autem
380 1072 433 1114 res
454 1049 500 1112 ita
520 1049 706 1125 instituitur,
729 1060 765 1112 ut
785 1047 927 1134 vulgaris
942 1049 1087 1127 amoris,
1108 1048 1160 1114 hoe

139 1149 189 1203 est
209 1137 288 1214 eius,
316 1136 371 1220 qui
392 1134 490 1220 vulgo
511 1132 677 1217 regnabat,
706 1134 814 1197 variae
842 1145 1011 1216 tamquam
1043 1133 1161 1221 species

138 1222 346 1287 ostendantur
372 1218 515 1301 adeoque
542 1217 623 1282 varii
644 1239 681 1281 ac
706 1219 797 1282 multi
821 1218 899 1282 lices
925 1218 1061 1306 gradus
1083 1218 1161 1285 deai-

141 1319 292 1385 onentur,
322 1303 439 1389 quibus
459 1302 625 1389 paullatim
647 1302 741 1368 altius
763 1242 925 1367 atlpdivini
946 1303 1080 1369 amoris
1096 1304 1161 1368 lau-

140 1364 217 1456 dem
245 1402 340 1474 atque
366 1388 517 1453 virtutem
545 1387 673 1452 ascendi
700 1388 813 1472 possit,
845 1387 931 1471 quod
985 1388 1102 1454 uidem
1120 1388 1161 1451 ita

142 1478 176 1540 in
196 1475 358 1540 Diotimae
380 1474 522 1538 oratione
542 1472 612 1536 fieri
633 1472 846 1538 meminimus.
879 1468 946 1537 Sed
994 1495 1038 1539 oc
1060 1471 1161 1560 ipsum

144 1560 300 1626 eiusmodi
326 1570 386 1637 est,
415 1568 452 1623 ut
477 1558 573 1623 etiam
593 1558 725 1623 tertium
746 1558 898 1643 quiddam
919 1556 1162 1635 admoneamur,

143 1648 177 1711 in
207 1641 317 1730 quo'S
373 1644 456 1731 posii
487 1652 519 1708 et
537 1637 677 1709 Phaedri
704 1644 846 1709 cernitur
871 1642 1086 1709 necessitudo
1104 1664 1162 1709 nou

145 1732 275 1818 exigua.
344 1752 397 1795 am
423 1728 552 1812 utrique
582 1729 671 1815 operi
700 1729 796 1793 etiam
822 1729 883 1792 hoc
909 1749 1089 1794 commune
1109 1738 1160 1805 eat,

146 1817 234 1902 quod
255 1838 411 1901 quaenam
433 1814 475 1878 sit
495 1813 663 1897 utriusque
677 1813 793 1879 amoris
806 1824 919 1877 mutua
933 1812 1075 1881 interae
1090 1834 1160 1879 eou-

145 1902 266 1967 iunctio
293 1899 471 1965 ostenditur
496 1909 529 1963 et
555 1920 725 1981 quamnam
752 1920 842 1963 amor
861 1896 992 1963 divinus
1014 1898 1061 1962 ad
1081 1918 1160 1965 mor-

147 1988 241 2050 talem
267 1986 366 2049 vitom
388 1985 454 2050 vim
473 1982 600 2058 habeat,
629 1983 682 2050 vel
704 1982 903 2068 significatur
927 1993 961 2047 et
982 1984 1161 2048 ostenditur

149 2071 199 2135 vel
221 2071 318 2135 etiam
339 2068 486 2134 subtilius
508 2066 696 2153 explicatur.
718 2067 848 2134 Etenim
869 2067 904 2130 in
916 2065 1073 2133 Phaedro
1094 2068 1160 2169 qui·

148 2153 221 2217 dem
248 2153 349 2217 divini
374 2151 492 2216 amoris
517 2152 656 2216 rationes
683 2152 724 2216 ab
745 2152 865 2219 ultimis
885 2162 1081 2239 repetuntur
1104 2153 1161 2217 mi-

149 2237 202 2301 tiis
229 2248 262 2300 at
282 2260 323 2302 ue
351 2237 483 2314 caussis,
509 2248 546 2303 ut
572 2236 627 2304 ille
654 2237 746 2320 quasi
774 2238 809 2302 in
836 2238 923 2303 coelo
945 2248 1114 2323 spectetur
1131 2247 1162 2301 et

147 2256 306 2406 quomodo
320 2321 459 2409 desuper
472 2322 506 2385 in
520 2333 637 2387 terram
651 2322 809 2401 deveniat,
824 2323 996 2401 doceatur3
1015 2324 1051 2387 in
1066 2320 1160 2423 Sym-

148 2407 240 2493 posio
260 2418 372 2474 contra
393 2406 520 2472 amandi
535 2406 693 2493 quaedam
708 2429 813 2474 ars-ac
827 2406 1000 2494 disciplina
1014 2407 1157 2481 traditur,

150 2493 307 2577 siquidem
334 2493 397 2571 ibi,
428 2495 594 2578 proposita
621 2490 721 2558 divini
750 2493 866 2557 amoris
898 2493 1155 2581 imaginemque

150 2576 292 2641 exhibita
313 2577 428 2642 amoris
449 2578 582 2643 masculi
595 2579 685 2642 varia
698 2599 736 2641 ac
753 2577 922 2664 multiplici
938 2576 1157 2664 descriptione,

154 2661 343 2746 explicatur,
358 2683 423 2745 qua
433 2662 529 2725 viaet
542 2663 665 2726 ratione
678 2662 845 2748 paullatim
859 2663 1100 2750 procedendum
1112 2659 1162 2736 sit,

152 2767 255 2828 usque
277 2746 354 2810 dum
374 2746 512 2830 denique
534 2744 736 2834 adplenum,
757 2747 921 2834 integrum
942 2759 976 2813 et
994 2746 1162 2814 intamina-

154 2844 222 2895 tum
249 2830 381 2917 perfecti
403 2831 519 2896 amoris
539 2831 680 2897 fructum
699 2834 905 2919 perveniatur
925 2833 960 2897 in
981 2831 1164 2900 beatissima

152 2939 259 2983 rerum
281 2915 461 2982 divinarum
483 2916 676 3003 spectatione
703 2928 737 2981 et
757 2918 1022 3005 contemplatione
1042 2915 1163 3005 reposi-

153 3015 230 3069 tum.
268 2999 362 3085 Quae
389 3003 461 3090 quis
488 3014 537 3068 est
563 3003 642 3087 quin
667 3003 751 3068 ultro
771 3003 928 3091 largiatur
949 3013 1014 3068 tam
1035 3001 1163 3090 egregie

153 3089 236 3154 inter
261 3089 334 3173 ipsa
359 3089 542 3167 convenire,
575 3098 613 3155 ut
645 3089 816 3154 coniuncta
842 3088 971 3154 demum
996 3088 1164 3171 utriusque

153 3173 227 3237 libri
248 3173 298 3236 dis
322 3174 463 3239 aratione
484 3175 639 3240 amatoria
658 3173 802 3240 doctrina
818 3173 1031 3239 consummari
1052 3182 1087 3237 et
1107 3170 1163 3236 ab·

155 3256 236 3320 solvi
257 3257 289 3320 vi
313 3261 422 3323 eatur?
448 3257 610 3324 Nimirum
629 3280 729 3345 quum
755 3259 790 3324 in
810 3259 957 3324 Phaedro
977 3256 1166 3323 brevissime

155 3348 280 3402 tantum
301 3341 506 3426 significetur,
527 3343 644 3426 quibus
665 3343 782 3410 studiis
802 3343 929 3410 animus
949 3339 1044 3410 veluti
1064 3359 1162 3423 prae-

155 3434 286 3505 paretur
306 3435 339 3487 et
358 3425 543 3491 instituatur
561 3427 604 3492 ad
616 3428 763 3494 divinum
776 3451 915 3495 amorem
928 3420 1164 3523 suscipiendum

154 3516 251 3589 atque
265 3508 480 3585 nutriendum,
501 3520 570 3575 tum
586 3511 647 3578 hoc
660 3513 767 3601 ipsum
781 3522 1001 3602 argumentum
1012 3530 1048 3571 111
1063 3504 1165 3593 Sym·

156 3590 246 3677 posio
265 3592 408 3657 omnium
427 3594 588 3661 uberrime
608 3598 796 3664 illustratur.
817 3600 875 3665 Ad
894 3601 974 3665 haee
991 3614 1088 3683 porro
1109 3612 1165 3657 δῦ·

153 3676 242 3743 ¹cedit
269 3676 365 3741 etiam
391 3678 478 3743 aliud
498 3681 586 3765 quid.
617 3682 679 3748 Est
706 3686 792 3749 enim
811 3685 980 3770 utriusque
1000 3679 1108 3767 operis
1129 3698 1169 3743 ea

156 3763 237 3828 ratio
257 3772 354 3848 atque
376 3764 594 3845 conformatio,
615 3780 653 3833 ut
670 3770 754 3835 celso
762 3769 813 3833 illi
826 3791 866 3835 ac
878 3770 1025 3858 perfeeto
1039 3765 1166 3854 sapien-

40 3869 42 3873 ·
157 3850 220 3914 tiae
240 3848 340 3915 amori
361 3869 468 3915 comes
488 3874 526 3917 ac
540 3852 635 3920 -sooia
656 3853 765 3919 addita
786 3854 828 3917 sit
848 3854 1027 3941 dialectica,
1054 3850 1107 3919 cui
1128 3870 1168 3913 ex

157 3935 293 4001 adverso
322 3933 492 4000 collocatur
523 3960 576 4003 ara
602 3938 667 4002 ista
694 3939 832 4004 oratoria
858 3952 955 4025 atque
984 3932 1168 4027 sophistica,

158 4041 240 4103 quae
261 4043 358 4103 quum
381 4020 554 4107 sapientiae
576 4022 715 4107 speciem
736 4044 813 4109 prae
842 4048 877 4092 se
897 4028 979 4092 ferat
999 4023 1168 4107 haudqua-
