<?xml version="1.0" encoding="UTF-8"?>
<!DOCTYPE html PUBLIC "-//W3C//DTD XHTML 1.0 Transitional//EN"
    "http://www.w3.org/TR/xhtml1/DTD/xhtml1-transitional.dtd">
<html xmlns="http://www.w3.org/1999/xhtml" xml:lang="en" lang="en">
 <head>
  <title>
</title>
<meta http-equiv="Content-Type" content="text/html;charset=utf-8" />
  <meta name='ocr-system' content='tesseract 3.04.00' />
  <meta name='ocr-capabilities' content='ocr_page ocr_carea ocr_par ocr_line ocrx_word'/>
</head>
<body>
  <div class='ocr_page' id='page_1' title='image "./platonisoperaom00stalgoog_0279.png"; bbox 0 0 2604 4620; ppageno 0'>
   <div class='ocr_carea' id='block_1_1' title="bbox 390 217 858 326">
    <p class='ocr_par' dir='ltr' id='par_1_1' title="bbox 390 217 858 326">
     <span class='ocr_line' id='line_1_1' title="bbox 390 217 858 326; baseline 0.011 -21"><span class='ocrx_word' id='word_1_1' title='bbox 390 245 602 306; x_wconf 78' lang='lat' dir='ltr'>annuno.</span> <span class='ocrx_word' id='word_1_2' title='bbox 626 267 654 326; x_wconf 71' lang='lat' dir='ltr'>p.</span> <span class='ocrx_word' id='word_1_3' title='bbox 679 247 751 308; x_wconf 86' lang='lat' dir='ltr'>roa.</span> <span class='ocrx_word' id='word_1_4' title='bbox 774 247 821 311; x_wconf 85' lang='grc' dir='ltr'>ει.</span> <span class='ocrx_word' id='word_1_5' title='bbox 853 217 858 228; x_wconf 74' lang='grc'><em>“</em></span> 
     </span>
    </p>
   </div>
   <div class='ocr_carea' id='block_1_2' title="bbox 1036 250 1133 346">
    <p class='ocr_par' dir='ltr' id='par_1_2' title="bbox 1036 250 1133 346">
     <span class='ocr_line' id='line_1_2' title="bbox 1036 250 1133 346; baseline 0 -37"><span class='ocrx_word' id='word_1_6' title='bbox 1036 250 1133 346; x_wconf 65' lang='grc' dir='ltr'>193ι</span> 
     </span>
    </p>
   </div>
   <div class='ocr_carea' id='block_1_3' title="bbox 10 414 1156 1509">
    <p class='ocr_par' dir='ltr' id='par_1_3' title="bbox 10 414 1156 1509">
     <span class='ocr_line' id='line_1_3' title="bbox 87 414 1100 509; baseline 0 -23"><span class='ocrx_word' id='word_1_7' title='bbox 87 414 274 506; x_wconf 73' lang='grc' dir='ltr'><strong><em>Σωκράτης</em></strong></span> <span class='ocrx_word' id='word_1_8' title='bbox 299 414 317 484; x_wconf 88' lang='grc' dir='ltr'>ὁ</span> <span class='ocrx_word' id='word_1_9' title='bbox 347 415 535 502; x_wconf 78' lang='grc' dir='ltr'><strong><em>Σωκράτης</em></strong></span> <span class='ocrx_word' id='word_1_10' title='bbox 559 421 663 495; x_wconf 73' lang='grc' dir='ltr'><strong><em>ἐστίν,</em></strong></span> <span class='ocrx_word' id='word_1_11' title='bbox 695 416 769 487; x_wconf 83' lang='grc' dir='ltr'><strong><em>ἀλλ’</em></strong></span> <span class='ocrx_word' id='word_1_12' title='bbox 807 415 861 486; x_wconf 88' lang='grc' dir='ltr'><strong><em>ότι</em></strong></span> <span class='ocrx_word' id='word_1_13' title='bbox 893 420 1100 509; x_wconf 76' lang='grc' dir='ltr'><strong><em>σμικρότητα</em></strong></span> 
     </span>
     <span class='ocr_line' id='line_1_4' title="bbox 86 512 1103 606; baseline -0.001 -20"><span class='ocrx_word' id='word_1_14' title='bbox 86 525 151 605; x_wconf 75' lang='grc' dir='ltr'><strong><em>ἔχει</em></strong></span> <span class='ocrx_word' id='word_1_15' title='bbox 175 516 194 586; x_wconf 87' lang='grc' dir='ltr'><strong><em>ό</em></strong></span> <span class='ocrx_word' id='word_1_16' title='bbox 216 514 406 603; x_wconf 78' lang='grc' dir='ltr'><strong><em>Σωκράτης</em></strong></span> <span class='ocrx_word' id='word_1_17' title='bbox 432 513 518 602; x_wconf 85' lang='grc' dir='ltr'><strong><em>πρός</em></strong></span> <span class='ocrx_word' id='word_1_18' title='bbox 544 512 583 583; x_wconf 86' lang='grc' dir='ltr'><strong><em>τό</em></strong></span> <span class='ocrx_word' id='word_1_19' title='bbox 611 521 735 584; x_wconf 80' lang='grc' dir='ltr'><strong><em>ἐκείνοιν</em></strong></span> <span class='ocrx_word' id='word_1_20' title='bbox 762 523 916 604; x_wconf 77' lang='grc' dir='ltr'><strong><em>μέγεθος.</em></strong></span> <span class='ocrx_word' id='word_1_21' title='bbox 955 517 1103 606; x_wconf 70' lang='grc' dir='ltr'><strong><em>Ἀληθῆ.</em></strong></span> 
     </span>
     <span class='ocr_line' id='line_1_5' title="bbox 10 607 1100 704; baseline 0.005 -18"><span class='ocrx_word' id='word_1_22' title='bbox 10 618 12 623; x_wconf 58' lang='grc'>’</span> <span class='ocrx_word' id='word_1_23' title='bbox 90 620 174 687; x_wconf 82' lang='grc' dir='ltr'>Οὑὸἑ</span> <span class='ocrx_word' id='word_1_24' title='bbox 196 644 231 702; x_wconf 92' lang='grc' dir='ltr'>γε</span> <span class='ocrx_word' id='word_1_25' title='bbox 259 607 301 683; x_wconf 83' lang='grc' dir='ltr'><strong><em>αὑ</em></strong></span> <span class='ocrx_word' id='word_1_26' title='bbox 326 615 393 684; x_wconf 86' lang='grc' dir='ltr'>ὑπό</span> <span class='ocrx_word' id='word_1_27' title='bbox 422 620 598 693; x_wconf 77' lang='grc' dir='ltr'><strong><em>Φαίδωνος</em></strong></span> <span class='ocrx_word' id='word_1_28' title='bbox 625 614 845 704; x_wconf 77' lang='grc' dir='ltr'><strong><em>ὑπερέχεσθαι</em></strong></span> <span class='ocrx_word' id='word_1_29' title='bbox 870 622 916 704; x_wconf 81' lang='grc' dir='ltr'><strong><em>τῷ</em></strong></span> <span class='ocrx_word' id='word_1_30' title='bbox 938 618 992 688; x_wconf 89' lang='grc' dir='ltr'><strong><em>ότι</em></strong></span> <span class='ocrx_word' id='word_1_31' title='bbox 1013 625 1100 692; x_wconf 81' lang='grc' dir='ltr'><strong><em>Φοί·</em></strong></span> 
     </span>
     <span class='ocr_line' id='line_1_6' title="bbox 87 713 1100 811; baseline 0.005 -25"><span class='ocrx_word' id='word_1_32' title='bbox 87 716 199 786; x_wconf 50' lang='grc' dir='ltr'><strong><em>ὃωνιό</em></strong></span> <span class='ocrx_word' id='word_1_33' title='bbox 230 721 497 811; x_wconf 13' lang='grc' dir='ltr'><strong><em>Φαίδωνιὲστίν,</em></strong></span> <span class='ocrx_word' id='word_1_34' title='bbox 522 715 596 782; x_wconf 80' lang='grc' dir='ltr'>ἀλλ’</span> <span class='ocrx_word' id='word_1_35' title='bbox 628 713 682 782; x_wconf 87' lang='grc' dir='ltr'><strong><em>ότι</em></strong></span> <span class='ocrx_word' id='word_1_36' title='bbox 707 723 854 804; x_wconf 77' lang='grc' dir='ltr'><strong><em>μέγεθος</em></strong></span> <span class='ocrx_word' id='word_1_37' title='bbox 875 719 981 805; x_wconf 81' lang='grc' dir='ltr'><strong><em>ίχειό</em></strong></span> <span class='ocrx_word' id='word_1_38' title='bbox 1013 726 1100 792; x_wconf 77' lang='lat' dir='ltr'>‹bat-</span> 
     </span>
     <span class='ocr_line' id='line_1_7' title="bbox 87 814 1123 906; baseline 0.005 -20"><span class='ocrx_word' id='word_1_39' title='bbox 87 825 153 886; x_wconf 82' lang='lat' dir='ltr'>dmv</span> <span class='ocrx_word' id='word_1_40' title='bbox 194 815 279 906; x_wconf 83' lang='grc' dir='ltr'><strong><em>πρὸς</em></strong></span> <span class='ocrx_word' id='word_1_41' title='bbox 315 815 376 897; x_wconf 82' lang='grc' dir='ltr'><strong><em>την</em></strong></span> <span class='ocrx_word' id='word_1_42' title='bbox 412 819 562 902; x_wconf 84' lang='grc' dir='ltr'><strong><em>Σιμμίου</em></strong></span> <span class='ocrx_word' id='word_1_43' title='bbox 601 815 814 904; x_wconf 83' lang='grc' dir='ltr'><strong><em>σμικρότητα.</em></strong></span> <span class='ocrx_word' id='word_1_44' title='bbox 856 814 949 887; x_wconf 85' lang='grc' dir='ltr'><strong><em>’Έστι</em></strong></span> <span class='ocrx_word' id='word_1_45' title='bbox 980 826 1123 892; x_wconf 79' lang='grc' dir='ltr'><strong><em>ταῦτα·</em></strong></span> 
     </span>
     <span class='ocr_line' id='line_1_8' title="bbox 90 914 1099 1006; baseline 0.007 -21"><span class='ocrx_word' id='word_1_46' title='bbox 90 915 205 994; x_wconf 76' lang='grc' dir='ltr'><strong><em>(ίὺτως</em></strong></span> <span class='ocrx_word' id='word_1_47' title='bbox 243 915 314 1003; x_wconf 89' lang='grc' dir='ltr'><strong><em>άρα</em></strong></span> <span class='ocrx_word' id='word_1_48' title='bbox 349 914 546 1003; x_wconf 83' lang='grc' dir='ltr'><strong><em>ὁ·Σιμμίας</em></strong></span> <span class='ocrx_word' id='word_1_49' title='bbox 579 923 768 1004; x_wconf 78' lang='grc' dir='ltr'><strong><em>ἐπωνυμίαν</em></strong></span> <span class='ocrx_word' id='word_1_50' title='bbox 799 921 862 1005; x_wconf 73' lang='grc' dir='ltr'><strong><em>ἔχει</em></strong></span> <span class='ocrx_word' id='word_1_51' title='bbox 895 921 1033 1006; x_wconf 91' lang='grc' dir='ltr'><strong><em>σμικρός</em></strong></span> <span class='ocrx_word' id='word_1_52' title='bbox 1064 949 1099 992; x_wconf 85' lang='grc' dir='ltr'><strong><em>τε</em></strong></span> 
     </span>
     <span class='ocr_line' id='line_1_9' title="bbox 88 1013 1102 1109; baseline 0.004 -22"><span class='ocrx_word' id='word_1_53' title='bbox 88 1024 147 1087; x_wconf 89' lang='grc' dir='ltr'>καὶ</span> <span class='ocrx_word' id='word_1_54' title='bbox 171 1024 273 1105; x_wconf 85' lang='grc' dir='ltr'><strong><em>μέγας</em></strong></span> <span class='ocrx_word' id='word_1_55' title='bbox 297 1013 400 1095; x_wconf 83' lang='grc' dir='ltr'><strong><em>εἶναι,</em></strong></span> <span class='ocrx_word' id='word_1_56' title='bbox 432 1024 468 1083; x_wconf 84' lang='grc' dir='ltr'>ὲν</span> <span class='ocrx_word' id='word_1_57' title='bbox 504 1023 591 1102; x_wconf 78' lang='grc' dir='ltr'><strong><em>μέσῳ</em></strong></span> <span class='ocrx_word' id='word_1_58' title='bbox 623 1013 671 1084; x_wconf 73' lang='grc' dir='ltr'>οὑν</span> <span class='ocrx_word' id='word_1_59' title='bbox 694 1016 908 1107; x_wconf 81' lang='grc' dir='ltr'><strong><em>ἀμφοτέρων,</em></strong></span> <span class='ocrx_word' id='word_1_60' title='bbox 945 1026 1006 1088; x_wconf 85' lang='grc' dir='ltr'><strong><em>τοῦ</em></strong></span> <span class='ocrx_word' id='word_1_61' title='bbox 1038 1027 1102 1109; x_wconf 79' lang='grc' dir='ltr'>μὲν</span> 
     </span>
     <span class='ocr_line' id='line_1_10' title="bbox 47 1112 1156 1209; baseline -0.002 -24"><span class='ocrx_word' id='word_1_62' title='bbox 47 1192 51 1199; x_wconf 45' lang='grc'><strong><em>,</em></strong></span> <span class='ocrx_word' id='word_1_63' title='bbox 91 1125 137 1203; x_wconf 77' lang='grc' dir='ltr'><strong><em>τῷ</em></strong></span> <span class='ocrx_word' id='word_1_64' title='bbox 164 1121 300 1202; x_wconf 80' lang='grc' dir='ltr'><strong><em>μεγέθει</em></strong></span> <span class='ocrx_word' id='word_1_65' title='bbox 323 1114 487 1203; x_wconf 77' lang='grc' dir='ltr'><strong><em>ὑπερέχειν</em></strong></span> <span class='ocrx_word' id='word_1_66' title='bbox 514 1112 576 1197; x_wconf 80' lang='grc' dir='ltr'><strong><em>τὴν</em></strong></span> <span class='ocrx_word' id='word_1_67' title='bbox 603 1115 806 1204; x_wconf 86' lang='grc' dir='ltr'><strong><em>σμικρότητα</em></strong></span> <span class='ocrx_word' id='word_1_68' title='bbox 838 1116 1022 1206; x_wconf 78' lang='grc' dir='ltr'><strong><em>ὑπερέχων,</em></strong></span> <span class='ocrx_word' id='word_1_69' title='bbox 1054 1127 1102 1209; x_wconf 78' lang='grc' dir='ltr'><strong><em>τῷ</em></strong></span> <span class='ocrx_word' id='word_1_70' title='bbox 1131 1123 1156 1183; x_wconf 84' lang='lat' dir='ltr'>D</span> 
     </span>
     <span class='ocr_line' id='line_1_11' title="bbox 92 1214 1101 1307; baseline 0.005 -23"><span class='ocrx_word' id='word_1_71' title='bbox 92 1224 126 1285; x_wconf 85' lang='grc' dir='ltr'>δὲ</span> <span class='ocrx_word' id='word_1_72' title='bbox 151 1223 295 1304; x_wconf 81' lang='grc' dir='ltr'><strong><em>μέγεθος</em></strong></span> <span class='ocrx_word' id='word_1_73' title='bbox 319 1221 379 1298; x_wconf 73' lang='grc' dir='ltr'>τῆς</span> <span class='ocrx_word' id='word_1_74' title='bbox 404 1214 622 1304; x_wconf 84' lang='grc' dir='ltr'><strong><em>σμικρότητος</em></strong></span> <span class='ocrx_word' id='word_1_75' title='bbox 647 1225 798 1304; x_wconf 88' lang='grc' dir='ltr'><strong><em>παρέχων</em></strong></span> <span class='ocrx_word' id='word_1_76' title='bbox 823 1215 992 1307; x_wconf 80' lang='grc' dir='ltr'><strong><em>ὑπερέχον.</em></strong></span> <span class='ocrx_word' id='word_1_77' title='bbox 1031 1225 1101 1289; x_wconf 78' lang='grc' dir='ltr'><strong><em>Καὶ</em></strong></span> 
     </span>
     <span class='ocr_line' id='line_1_12' title="bbox 91 1312 1106 1409; baseline 0.004 -25"><span class='ocrx_word' id='word_1_78' title='bbox 91 1317 162 1404; x_wconf 82' lang='grc' dir='ltr'><strong><em>ἅμα</em></strong></span> <span class='ocrx_word' id='word_1_79' title='bbox 187 1315 379 1404; x_wconf 77' lang='grc' dir='ltr'><strong><em>μειδιάσας,</em></strong></span> <span class='ocrx_word' id='word_1_80' title='bbox 406 1312 542 1396; x_wconf 82' lang='grc' dir='ltr'><strong><em>Ἔοικα,</em></strong></span> <span class='ocrx_word' id='word_1_81' title='bbox 567 1321 650 1409; x_wconf 76' lang='grc' dir='ltr'><strong><em>ἔφη,</em></strong></span> <span class='ocrx_word' id='word_1_82' title='bbox 675 1322 731 1385; x_wconf 82' lang='grc' dir='ltr'>καὶ</span> <span class='ocrx_word' id='word_1_83' title='bbox 755 1318 986 1409; x_wconf 81' lang='grc' dir='ltr'><strong><em>ξυγγραφικῶς</em></strong></span> <span class='ocrx_word' id='word_1_84' title='bbox 1011 1330 1106 1408; x_wconf 80' lang='grc' dir='ltr'><strong><em>έρεῖν,</em></strong></span> 
     </span>
     <span class='ocr_line' id='line_1_13' title="bbox 91 1408 1107 1509; baseline 0.002 -24"><span class='ocrx_word' id='word_1_85' title='bbox 91 1416 167 1485; x_wconf 78' lang='grc' dir='ltr'>ἀλλ’</span> <span class='ocrx_word' id='word_1_86' title='bbox 200 1408 260 1486; x_wconf 84' lang='grc' dir='ltr'>οὑν</span> <span class='ocrx_word' id='word_1_87' title='bbox 287 1423 348 1503; x_wconf 73' lang='grc' dir='ltr'><strong><em>ἔχει</em></strong></span> <span class='ocrx_word' id='word_1_88' title='bbox 372 1425 407 1500; x_wconf 84' lang='grc' dir='ltr'>γέ</span> <span class='ocrx_word' id='word_1_89' title='bbox 433 1442 499 1485; x_wconf 84' lang='grc' dir='ltr'>που</span> <span class='ocrx_word' id='word_1_90' title='bbox 534 1414 578 1495; x_wconf 82' lang='grc' dir='ltr'><strong><em>ὡς</em></strong></span> <span class='ocrx_word' id='word_1_91' title='bbox 613 1423 703 1503; x_wconf 84' lang='grc' dir='ltr'><strong><em>λέγω.</em></strong></span> <span class='ocrx_word' id='word_1_92' title='bbox 754 1416 898 1509; x_wconf 82' lang='grc' dir='ltr'><strong><em>Ξυνέφη.</em></strong></span> <span class='ocrx_word' id='word_1_93' title='bbox 951 1427 1044 1506; x_wconf 83' lang='grc' dir='ltr'><strong><em>Λέγω</em></strong></span> <span class='ocrx_word' id='word_1_94' title='bbox 1072 1424 1107 1488; x_wconf 71' lang='grc' dir='ltr'>δέ</span> 
     </span>
    </p>
   </div>
   <div class='ocr_carea' id='block_1_4' title="bbox 30 1677 1124 2286">
    <p class='ocr_par' dir='ltr' id='par_1_4' title="bbox 30 1677 1124 2286">
     <span class='ocr_line' id='line_1_14' title="bbox 94 1677 1106 1750; baseline 0.001 -17"><span class='ocrx_word' id='word_1_95' title='bbox 94 1683 138 1734; x_wconf 80' lang='lat' dir='ltr'>tivi</span> <span class='ocrx_word' id='word_1_96' title='bbox 163 1687 210 1744; x_wconf 69' lang='grc' dir='ltr'><strong><em>τῆς</em></strong></span> <span class='ocrx_word' id='word_1_97' title='bbox 232 1677 407 1745; x_wconf 79' lang='grc' dir='ltr'><strong><em>σμικρότητος</em></strong></span> <span class='ocrx_word' id='word_1_98' title='bbox 437 1679 462 1727; x_wconf 84' lang='lat' dir='ltr'>in</span> <span class='ocrx_word' id='word_1_99' title='bbox 489 1679 567 1730; x_wconf 74' lang='lat' dir='ltr'>Corsi.</span> <span class='ocrx_word' id='word_1_100' title='bbox 599 1680 658 1728; x_wconf 85' lang='lat' dir='ltr'>Par.</span> <span class='ocrx_word' id='word_1_101' title='bbox 684 1680 718 1729; x_wconf 87' lang='lat' dir='ltr'>G.</span> <span class='ocrx_word' id='word_1_102' title='bbox 742 1680 835 1744; x_wconf 79' lang='lat' dir='ltr'>iegitm</span> <span class='ocrx_word' id='word_1_103' title='bbox 866 1680 912 1745; x_wconf 77' lang='grc' dir='ltr'><strong><em>τὴν</em></strong></span> <span class='ocrx_word' id='word_1_104' title='bbox 937 1683 1106 1750; x_wconf 83' lang='grc' dir='ltr'><strong><em>σμικρότητα.</em></strong></span> 
     </span>
     <span class='ocr_line' id='line_1_15' title="bbox 30 1745 1109 1820; baseline -0.001 -19"><span class='ocrx_word' id='word_1_105' title='bbox 30 1753 32 1756; x_wconf 82' lang='grc'><strong>’</strong></span> <span class='ocrx_word' id='word_1_106' title='bbox 94 1750 210 1813; x_wconf 86' lang='lat' dir='ltr'>Denique</span> <span class='ocrx_word' id='word_1_107' title='bbox 226 1763 275 1814; x_wconf 90' lang='lat' dir='ltr'>pro</span> <span class='ocrx_word' id='word_1_108' title='bbox 292 1745 416 1812; x_wconf 75' lang='grc' dir='ltr'><strong><em>ὑπερέχον</em></strong></span> <span class='ocrx_word' id='word_1_109' title='bbox 434 1745 497 1798; x_wconf 87' lang='lat' dir='ltr'>Ven.</span> <span class='ocrx_word' id='word_1_110' title='bbox 515 1746 544 1799; x_wconf 86' lang='grc' dir='ltr'>Ξ.</span> <span class='ocrx_word' id='word_1_111' title='bbox 564 1761 591 1795; x_wconf 84' lang='lat' dir='ltr'>a..</span> <span class='ocrx_word' id='word_1_112' title='bbox 606 1761 645 1810; x_wconf 92' lang='lat' dir='ltr'>pr.</span> <span class='ocrx_word' id='word_1_113' title='bbox 664 1761 698 1799; x_wconf 91' lang='lat' dir='ltr'>m.</span> <span class='ocrx_word' id='word_1_114' title='bbox 718 1751 744 1796; x_wconf 89' lang='lat' dir='ltr'>et</span> <span class='ocrx_word' id='word_1_115' title='bbox 760 1747 819 1797; x_wconf 86' lang='lat' dir='ltr'>Par.</span> <span class='ocrx_word' id='word_1_116' title='bbox 833 1749 866 1800; x_wconf 85' lang='lat' dir='ltr'>G.</span> <span class='ocrx_word' id='word_1_117' title='bbox 886 1752 1012 1813; x_wconf 77' lang='lat' dir='ltr'>praebent</span> <span class='ocrx_word' id='word_1_118' title='bbox 1030 1749 1109 1820; x_wconf 68' lang='lat' dir='ltr'>anap-</span> 
     </span>
     <span class='ocr_line' id='line_1_16' title="bbox 98 1821 1109 1868; baseline -0.014 -1"><span class='ocrx_word' id='word_1_119' title='bbox 98 1821 112 1868; x_wconf 79' lang='grc' dir='ltr'><strong><em>έ</em></strong></span> <span class='ocrx_word' id='word_1_120' title='bbox 128 1836 172 1868; x_wconf 86' lang='grc' dir='ltr'><strong><em>ειν.</em></strong></span> <span class='ocrx_word' id='word_1_121' title='bbox 1105 1846 1109 1853; x_wconf 78' lang='lat'><em>.</em></span> 
     </span>
     <span class='ocr_line' id='line_1_17' title="bbox 108 1837 1124 1950; baseline 0 -14"><span class='ocrx_word' id='word_1_122' title='bbox 108 1837 125 1881; x_wconf 65' lang='grc' dir='ltr'><em>χ</em></span> <span class='ocrx_word' id='word_1_123' title='bbox 163 1886 196 1935; x_wconf 90' lang='lat' dir='ltr'>D.</span> <span class='ocrx_word' id='word_1_124' title='bbox 234 1884 303 1944; x_wconf 68' lang='grc' dir='ltr'><strong><em>ἔχει</em></strong></span> <span class='ocrx_word' id='word_1_125' title='bbox 321 1880 356 1944; x_wconf 72' lang='grc' dir='ltr'>γέ</span> <span class='ocrx_word' id='word_1_126' title='bbox 376 1897 441 1928; x_wconf 83' lang='grc' dir='ltr'>που</span> <span class='ocrx_word' id='word_1_127' title='bbox 463 1877 502 1937; x_wconf 82' lang='grc' dir='ltr'><strong><em>ὡς</em></strong></span> <span class='ocrx_word' id='word_1_128' title='bbox 525 1879 622 1945; x_wconf 81' lang='grc' dir='ltr'><strong><em>λέγω]</em></strong></span> <span class='ocrx_word' id='word_1_129' title='bbox 659 1897 711 1928; x_wconf 86' lang='grc' dir='ltr'>που</span> <span class='ocrx_word' id='word_1_130' title='bbox 735 1880 812 1933; x_wconf 85' lang='lat' dir='ltr'>codd.</span> <span class='ocrx_word' id='word_1_131' title='bbox 838 1883 928 1946; x_wconf 77' lang='lat' dir='ltr'>optimi</span> <span class='ocrx_word' id='word_1_132' title='bbox 953 1900 983 1935; x_wconf 84' lang='lat' dir='ltr'>ac</span> <span class='ocrx_word' id='word_1_133' title='bbox 1007 1887 1124 1950; x_wconf 69' lang='lat' dir='ltr'>plurimi=</span> 
     </span>
     <span class='ocr_line' id='line_1_18' title="bbox 95 1947 1109 2015; baseline -0.004 -9"><span class='ocrx_word' id='word_1_134' title='bbox 95 1956 196 2006; x_wconf 86' lang='lat' dir='ltr'>babent.</span> <span class='ocrx_word' id='word_1_135' title='bbox 232 1950 383 2015; x_wconf 87' lang='lat' dir='ltr'>Legebatur</span> <span class='ocrx_word' id='word_1_136' title='bbox 401 1948 462 1998; x_wconf 87' lang='lat' dir='ltr'>olim</span> <span class='ocrx_word' id='word_1_137' title='bbox 480 1965 541 2004; x_wconf 88' lang='grc' dir='ltr'><strong><em>πως.</em></strong></span> <span class='ocrx_word' id='word_1_138' title='bbox 577 1947 643 1998; x_wconf 84' lang='lat' dir='ltr'>Dein</span> <span class='ocrx_word' id='word_1_139' title='bbox 666 1947 745 2001; x_wconf 86' lang='lat' dir='ltr'>Coisi.</span> <span class='ocrx_word' id='word_1_140' title='bbox 767 1949 825 2002; x_wconf 88' lang='lat' dir='ltr'>Vat.</span> <span class='ocrx_word' id='word_1_141' title='bbox 845 1950 908 2001; x_wconf 88' lang='lat' dir='ltr'>Ven.</span> <span class='ocrx_word' id='word_1_142' title='bbox 925 1953 959 2002; x_wconf 91' lang='grc' dir='ltr'>Λ.</span> <span class='ocrx_word' id='word_1_143' title='bbox 982 1952 1056 2007; x_wconf 88' lang='lat' dir='ltr'>Vind.</span> <span class='ocrx_word' id='word_1_144' title='bbox 1077 1957 1109 2004; x_wconf 78' lang='grc' dir='ltr'>Φ.</span> 
     </span>
     <span class='ocr_line' id='line_1_19' title="bbox 95 2016 1110 2080; baseline -0.007 -6"><span class='ocrx_word' id='word_1_145' title='bbox 95 2026 156 2074; x_wconf 86' lang='lat' dir='ltr'>Par.</span> <span class='ocrx_word' id='word_1_146' title='bbox 182 2022 216 2074; x_wconf 87' lang='lat' dir='ltr'>G.</span> <span class='ocrx_word' id='word_1_147' title='bbox 243 2019 313 2069; x_wconf 83' lang='lat' dir='ltr'>Flor.</span> <span class='ocrx_word' id='word_1_148' title='bbox 338 2016 362 2069; x_wconf 87' lang='lat' dir='ltr'>d.</span> <span class='ocrx_word' id='word_1_149' title='bbox 386 2017 479 2079; x_wconf 80' lang='lat' dir='ltr'>ariique</span> <span class='ocrx_word' id='word_1_150' title='bbox 503 2031 552 2065; x_wconf 93' lang='lat' dir='ltr'>non</span> <span class='ocrx_word' id='word_1_151' title='bbox 582 2017 655 2079; x_wconf 90' lang='lat' dir='ltr'>pauci</span> <span class='ocrx_word' id='word_1_152' title='bbox 680 2016 753 2080; x_wconf 71' lang='grc' dir='ltr'><strong><em>Λέγω</em></strong></span> <span class='ocrx_word' id='word_1_153' title='bbox 777 2017 811 2080; x_wconf 77' lang='grc' dir='ltr'>δὴ</span> <span class='ocrx_word' id='word_1_154' title='bbox 837 2016 911 2067; x_wconf 77' lang='grc' dir='ltr'><strong><em>τοῦδ’</em></strong></span> <span class='ocrx_word' id='word_1_155' title='bbox 937 2019 1016 2072; x_wconf 75' lang='grc' dir='ltr'><strong><em>έίἰκω.</em></strong></span> <span class='ocrx_word' id='word_1_156' title='bbox 1055 2022 1110 2073; x_wconf 80' lang='lat' dir='ltr'>Pro</span> 
     </span>
     <span class='ocr_line' id='line_1_20' title="bbox 96 2084 1110 2151; baseline 0 -10"><span class='ocrx_word' id='word_1_157' title='bbox 96 2093 211 2151; x_wconf 74' lang='grc' dir='ltr'><strong><em>ἰθέλεω,</em></strong></span> <span class='ocrx_word' id='word_1_158' title='bbox 238 2085 308 2150; x_wconf 88' lang='lat' dir='ltr'>qnod</span> <span class='ocrx_word' id='word_1_159' title='bbox 328 2084 403 2136; x_wconf 85' lang='lat' dir='ltr'>Bodi.</span> <span class='ocrx_word' id='word_1_160' title='bbox 429 2084 509 2134; x_wconf 81' lang='lat' dir='ltr'>Goisi.</span> <span class='ocrx_word' id='word_1_161' title='bbox 530 2084 592 2136; x_wconf 90' lang='lat' dir='ltr'>Ven.</span> <span class='ocrx_word' id='word_1_162' title='bbox 610 2086 638 2133; x_wconf 88' lang='grc' dir='ltr'>Ξ.</span> <span class='ocrx_word' id='word_1_163' title='bbox 659 2085 723 2134; x_wconf 80' lang='lat' dir='ltr'>vind</span> <span class='ocrx_word' id='word_1_164' title='bbox 753 2089 782 2134; x_wconf 83' lang='lat' dir='ltr'>Y.</span> <span class='ocrx_word' id='word_1_165' title='bbox 802 2087 862 2138; x_wconf 91' lang='lat' dir='ltr'>Par.</span> <span class='ocrx_word' id='word_1_166' title='bbox 882 2088 915 2139; x_wconf 85' lang='lat' dir='ltr'>G.</span> <span class='ocrx_word' id='word_1_167' title='bbox 936 2088 1007 2139; x_wconf 86' lang='lat' dir='ltr'>Fior.</span> <span class='ocrx_word' id='word_1_168' title='bbox 1027 2105 1050 2144; x_wconf 87' lang='lat' dir='ltr'>a.</span> <span class='ocrx_word' id='word_1_169' title='bbox 1069 2090 1110 2142; x_wconf 80' lang='lat' dir='ltr'>bia</span> 
     </span>
     <span class='ocr_line' id='line_1_21' title="bbox 97 2153 1112 2221; baseline 0.003 -13"><span class='ocrx_word' id='word_1_170' title='bbox 97 2160 220 2221; x_wconf 76' lang='lat' dir='ltr'>deinceps</span> <span class='ocrx_word' id='word_1_171' title='bbox 245 2153 456 2220; x_wconf 78' lang='lat' dir='ltr'>suppeditarunt,</span> <span class='ocrx_word' id='word_1_172' title='bbox 487 2158 550 2202; x_wconf 84' lang='lat' dir='ltr'>vett.</span> <span class='ocrx_word' id='word_1_173' title='bbox 575 2153 645 2206; x_wconf 80' lang='lat' dir='ltr'>editt.</span> <span class='ocrx_word' id='word_1_174' title='bbox 672 2153 710 2203; x_wconf 87' lang='lat' dir='ltr'>bis</span> <span class='ocrx_word' id='word_1_175' title='bbox 741 2155 865 2220; x_wconf 87' lang='lat' dir='ltr'>scriptum</span> <span class='ocrx_word' id='word_1_176' title='bbox 894 2154 988 2208; x_wconf 87' lang='lat' dir='ltr'>babent</span> <span class='ocrx_word' id='word_1_177' title='bbox 1012 2159 1112 2211; x_wconf 74' lang='grc' dir='ltr'><strong><em>θέλειν.</em></strong></span> 
     </span>
     <span class='ocr_line' id='line_1_22' title="bbox 42 2214 620 2286; baseline -0.01 -9"><span class='ocrx_word' id='word_1_178' title='bbox 42 2233 44 2237; x_wconf 88' lang='grc'><strong>“</strong></span> <span class='ocrx_word' id='word_1_179' title='bbox 97 2228 158 2280; x_wconf 90' lang='lat' dir='ltr'>Par.</span> <span class='ocrx_word' id='word_1_180' title='bbox 179 2225 198 2276; x_wconf 89' lang='grc' dir='ltr'>Ι.</span> <span class='ocrx_word' id='word_1_181' title='bbox 217 2225 301 2286; x_wconf 60' lang='lat' dir='ltr'>tarro,</span> <span class='ocrx_word' id='word_1_182' title='bbox 320 2220 389 2285; x_wconf 92' lang='lat' dir='ltr'>quod</span> <span class='ocrx_word' id='word_1_183' title='bbox 407 2220 478 2272; x_wconf 85' lang='lat' dir='ltr'><strong>dedit</strong></span> <span class='ocrx_word' id='word_1_184' title='bbox 496 2214 620 2272; x_wconf 73' lang='lat' dir='ltr'>neuter.-</span> 
     </span>
    </p>
   </div>
   <div class='ocr_carea' id='block_1_5' title="bbox 97 2388 1114 2594">
    <p class='ocr_par' dir='ltr' id='par_1_5' title="bbox 97 2388 1114 2594">
     <span class='ocr_line' id='line_1_23' title="bbox 99 2388 1113 2461; baseline -0.002 -17"><span class='ocrx_word' id='word_1_185' title='bbox 99 2394 223 2444; x_wconf 81' lang='lat' dir='ltr'>tocnm</span> <span class='ocrx_word' id='word_1_186' title='bbox 258 2389 347 2441; x_wconf 67' lang='lat' dir='ltr'>inter*</span> <span class='ocrx_word' id='word_1_187' title='bbox 380 2396 574 2454; x_wconf 86' lang='lat' dir='ltr'>utrumqne,</span> <span class='ocrx_word' id='word_1_188' title='bbox 627 2388 803 2442; x_wconf 77' lang='lat' dir='ltr'>dorfinsr</span> <span class='ocrx_word' id='word_1_189' title='bbox 831 2393 943 2456; x_wconf 83' lang='lat' dir='ltr'>quari</span> <span class='ocrx_word' id='word_1_190' title='bbox 977 2391 1113 2461; x_wconf 62' lang='grc' dir='ltr'><strong><em>ξυγγραφῆ</em></strong></span> 
     </span>
     <span class='ocr_line' id='line_1_24' title="bbox 98 2458 1113 2526; baseline -0.008 -15"><span class='ocrx_word' id='word_1_191' title='bbox 98 2458 576 2526; x_wconf 86' lang='lat' dir='ltr'>quippesimnletparvnset</span> <span class='ocrx_word' id='word_1_192' title='bbox 630 2459 702 2509; x_wconf 86' lang='lat' dir='ltr'>sive</span> <span class='ocrx_word' id='word_1_193' title='bbox 735 2458 964 2525; x_wconf 82' lang='lat' dir='ltr'>chirographo</span> <span class='ocrx_word' id='word_1_194' title='bbox 994 2470 1113 2512; x_wconf 81' lang='lat' dir='ltr'>caven.</span> 
     </span>
     <span class='ocr_line' id='line_1_25' title="bbox 97 2525 1114 2594; baseline 0.001 -14"><span class='ocrx_word' id='word_1_195' title='bbox 97 2526 577 2594; x_wconf 85' lang='lat' dir='ltr'>magnus‚dnmatterius(So-</span> <span class='ocrx_word' id='word_1_196' title='bbox 631 2525 701 2576; x_wconf 87' lang='lat' dir='ltr'>dum</span> <span class='ocrx_word' id='word_1_197' title='bbox 731 2528 785 2577; x_wconf 87' lang='lat' dir='ltr'>sit.</span> <span class='ocrx_word' id='word_1_198' title='bbox 824 2530 958 2579; x_wconf 85' lang='lat' dir='ltr'>Postrema</span> <span class='ocrx_word' id='word_1_199' title='bbox 984 2527 1114 2594; x_wconf 47' lang='lat' dir='ltr'>interprae-</span> 
     </span>
    </p>
   </div>
   <div class='ocr_carea' id='block_1_6' title="bbox 14 2594 1113 2662">
    <p class='ocr_par' dir='ltr' id='par_1_6' title="bbox 14 2594 1113 2662">
     <span class='ocr_line' id='line_1_26' title="bbox 14 2594 1113 2662; baseline 0 -13"><span class='ocrx_word' id='word_1_200' title='bbox 14 2643 17 2649; x_wconf 90' lang='lat'><em>.</em></span> <span class='ocrx_word' id='word_1_201' title='bbox 97 2599 185 2662; x_wconf 81' lang='lat' dir='ltr'>eratis)</span> <span class='ocrx_word' id='word_1_202' title='bbox 208 2596 410 2662; x_wconf 75' lang='lat' dir='ltr'>parvitatem</span> <span class='ocrx_word' id='word_1_203' title='bbox 437 2610 578 2658; x_wconf 86' lang='lat' dir='ltr'>exsupe-</span> <span class='ocrx_word' id='word_1_204' title='bbox 631 2595 694 2644; x_wconf 89' lang='lat' dir='ltr'>tatio</span> <span class='ocrx_word' id='word_1_205' title='bbox 712 2594 882 2661; x_wconf 85' lang='lat' dir='ltr'>proximead</span> <span class='ocrx_word' id='word_1_206' title='bbox 900 2611 991 2647; x_wconf 83' lang='lat' dir='ltr'>verum</span> <span class='ocrx_word' id='word_1_207' title='bbox 1004 2596 1113 2649; x_wconf 76' lang='lat' dir='ltr'>accedit</span> 
     </span>
    </p>
   </div>
   <div class='ocr_carea' id='block_1_7' title="bbox 51 2656 1155 3680">
    <p class='ocr_par' dir='ltr' id='par_1_7' title="bbox 51 2656 1155 3680">
     <span class='ocr_line' id='line_1_27' title="bbox 98 2656 1154 2730; baseline 0.001 -14"><span class='ocrx_word' id='word_1_208' title='bbox 98 2672 149 2716; x_wconf 90' lang='lat' dir='ltr'>rat</span> <span class='ocrx_word' id='word_1_209' title='bbox 167 2681 218 2727; x_wconf 89' lang='lat' dir='ltr'>eo,</span> <span class='ocrx_word' id='word_1_210' title='bbox 243 2663 330 2728; x_wconf 89' lang='lat' dir='ltr'>qnod</span> <span class='ocrx_word' id='word_1_211' title='bbox 354 2663 580 2730; x_wconf 82' lang='lat' dir='ltr'>magnitudine</span> <span class='ocrx_word' id='word_1_212' title='bbox 630 2663 695 2714; x_wconf 89' lang='lat' dir='ltr'>Nam</span> <span class='ocrx_word' id='word_1_213' title='bbox 721 2670 750 2714; x_wconf 94' lang='lat' dir='ltr'>nt</span> <span class='ocrx_word' id='word_1_214' title='bbox 776 2663 1021 2730; x_wconf 76' lang='lat' dir='ltr'>Wyttenbacbii</span> <span class='ocrx_word' id='word_1_215' title='bbox 1046 2656 1118 2717; x_wconf 62' lang='lat' dir='ltr'>ratio¹</span> <span class='ocrx_word' id='word_1_216' title='bbox 1149 2664 1154 2683; x_wconf 82' lang='lat'><strong>¹</strong></span> 
     </span>
     <span class='ocr_line' id='line_1_28' title="bbox 99 2731 1115 2800; baseline 0.001 -16"><span class='ocrx_word' id='word_1_217' title='bbox 99 2738 280 2798; x_wconf 82' lang='lat' dir='ltr'>exsuperat</span> <span class='ocrx_word' id='word_1_218' title='bbox 298 2733 336 2797; x_wconf 90' lang='lat' dir='ltr'>(ei</span> <span class='ocrx_word' id='word_1_219' title='bbox 356 2733 515 2798; x_wconf 85' lang='lat' dir='ltr'>antecedit),</span> <span class='ocrx_word' id='word_1_220' title='bbox 533 2731 580 2781; x_wconf 81' lang='lat' dir='ltr'>al·</span> <span class='ocrx_word' id='word_1_221' title='bbox 631 2734 748 2798; x_wconf 85' lang='lat' dir='ltr'>speciosa</span> <span class='ocrx_word' id='word_1_222' title='bbox 779 2733 833 2794; x_wconf 86' lang='lat' dir='ltr'>sit,</span> <span class='ocrx_word' id='word_1_223' title='bbox 862 2733 958 2800; x_wconf 91' lang='lat' dir='ltr'>qnippe</span> <span class='ocrx_word' id='word_1_224' title='bbox 987 2748 1054 2798; x_wconf 87' lang='lat' dir='ltr'>quae</span> <span class='ocrx_word' id='word_1_225' title='bbox 1081 2748 1115 2785; x_wconf 86' lang='lat' dir='ltr'>ex</span> 
     </span>
     <span class='ocr_line' id='line_1_29' title="bbox 99 2800 1115 2866; baseline -0.001 -14"><span class='ocrx_word' id='word_1_226' title='bbox 99 2806 163 2853; x_wconf 90' lang='lat' dir='ltr'>teri</span> <span class='ocrx_word' id='word_1_227' title='bbox 189 2806 299 2852; x_wconf 88' lang='lat' dir='ltr'>antem</span> <span class='ocrx_word' id='word_1_228' title='bbox 316 2800 479 2863; x_wconf 73' lang='lat' dir='ltr'>(Phaedonir</span> <span class='ocrx_word' id='word_1_229' title='bbox 506 2814 580 2850; x_wconf 91' lang='lat' dir='ltr'>con-</span> <span class='ocrx_word' id='word_1_230' title='bbox 630 2802 689 2851; x_wconf 91' lang='lat' dir='ltr'>loco</span> <span class='ocrx_word' id='word_1_231' title='bbox 715 2801 832 2865; x_wconf 82' lang='lat' dir='ltr'>Gorgiae</span> <span class='ocrx_word' id='word_1_232' title='bbox 856 2818 881 2866; x_wconf 89' lang='lat' dir='ltr'>p.</span> <span class='ocrx_word' id='word_1_233' title='bbox 905 2801 966 2854; x_wconf 75' lang='lat' dir='ltr'>tot.</span> <span class='ocrx_word' id='word_1_234' title='bbox 992 2801 1023 2852; x_wconf 86' lang='lat' dir='ltr'>B.</span> <span class='ocrx_word' id='word_1_235' title='bbox 1051 2816 1115 2854; x_wconf 60' lang='lat' dir='ltr'>eon*</span> 
     </span>
     <span class='ocr_line' id='line_1_30' title="bbox 99 2868 1114 2933; baseline 0.001 -14"><span class='ocrx_word' id='word_1_236' title='bbox 99 2870 190 2920; x_wconf 88' lang='lat' dir='ltr'>cedit</span> <span class='ocrx_word' id='word_1_237' title='bbox 209 2883 274 2919; x_wconf 89' lang='lat' dir='ltr'>eam</span> <span class='ocrx_word' id='word_1_238' title='bbox 296 2868 579 2933; x_wconf 83' lang='lat' dir='ltr'>magnitudinem,</span> <span class='ocrx_word' id='word_1_239' title='bbox 630 2868 725 2918; x_wconf 80' lang='lat' dir='ltr'>firmari</span> <span class='ocrx_word' id='word_1_240' title='bbox 752 2882 832 2933; x_wconf 86' lang='lat' dir='ltr'>posse</span> <span class='ocrx_word' id='word_1_241' title='bbox 862 2869 996 2928; x_wconf 87' lang='lat' dir='ltr'>videatur,</span> <span class='ocrx_word' id='word_1_242' title='bbox 1026 2875 1114 2920; x_wconf 84' lang='lat' dir='ltr'>tamen</span> 
     </span>
     <span class='ocr_line' id='line_1_31' title="bbox 100 2935 1114 3001; baseline 0.001 -15"><span class='ocrx_word' id='word_1_243' title='bbox 100 2952 181 3000; x_wconf 89' lang='lat' dir='ltr'>quae</span> <span class='ocrx_word' id='word_1_244' title='bbox 200 2951 288 2985; x_wconf 83' lang='lat' dir='ltr'>suurn</span> <span class='ocrx_word' id='word_1_245' title='bbox 306 2936 579 3001; x_wconf 67' lang='lat' dir='ltr'>ipsiusqsmnnae)</span> <span class='ocrx_word' id='word_1_246' title='bbox 632 2953 682 2997; x_wconf 89' lang='lat' dir='ltr'>ea,</span> <span class='ocrx_word' id='word_1_247' title='bbox 711 2950 739 2985; x_wconf 86' lang='lat' dir='ltr'>re</span> <span class='ocrx_word' id='word_1_248' title='bbox 768 2935 915 2998; x_wconf 75' lang='lat' dir='ltr'>diligentius</span> <span class='ocrx_word' id='word_1_249' title='bbox 941 2936 1114 2997; x_wconf 82' lang='lat' dir='ltr'>considerata,</span> 
     </span>
     <span class='ocr_line' id='line_1_32' title="bbox 101 3001 1116 3070; baseline 0 -17"><span class='ocrx_word' id='word_1_250' title='bbox 101 3004 302 3070; x_wconf 87' lang='lat' dir='ltr'>parvitatem</span> <span class='ocrx_word' id='word_1_251' title='bbox 322 3008 470 3066; x_wconf 83' lang='lat' dir='ltr'>superet.</span> <span class='ocrx_word' id='word_1_252' title='bbox 501 3001 580 3052; x_wconf 78' lang='lat' dir='ltr'>b&#39;imi-</span> <span class='ocrx_word' id='word_1_253' title='bbox 632 3004 675 3052; x_wconf 83' lang='lat' dir='ltr'>vix</span> <span class='ocrx_word' id='word_1_254' title='bbox 700 3001 818 3064; x_wconf 85' lang='lat' dir='ltr'>cuiquam</span> <span class='ocrx_word' id='word_1_255' title='bbox 846 3002 1004 3065; x_wconf 85' lang='lat' dir='ltr'>probabitur.</span> <span class='ocrx_word' id='word_1_256' title='bbox 1048 3003 1116 3070; x_wconf 68' lang='lat' dir='ltr'>Nam</span> 
     </span>
     <span class='ocr_line' id='line_1_33' title="bbox 101 3068 1116 3135; baseline -0.002 -13"><span class='ocrx_word' id='word_1_257' title='bbox 101 3089 159 3123; x_wconf 91' lang='lat' dir='ltr'>rum</span> <span class='ocrx_word' id='word_1_258' title='bbox 183 3071 297 3134; x_wconf 89' lang='lat' dir='ltr'>loquitur</span> <span class='ocrx_word' id='word_1_259' title='bbox 314 3071 438 3119; x_wconf 88' lang='lat' dir='ltr'>Socrates</span> <span class='ocrx_word' id='word_1_260' title='bbox 457 3069 580 3119; x_wconf 86' lang='lat' dir='ltr'>ludibun·</span> <span class='ocrx_word' id='word_1_261' title='bbox 632 3070 656 3118; x_wconf 93' lang='lat' dir='ltr'>in</span> <span class='ocrx_word' id='word_1_262' title='bbox 676 3069 790 3131; x_wconf 87' lang='lat' dir='ltr'>Gorgiae</span> <span class='ocrx_word' id='word_1_263' title='bbox 808 3069 869 3118; x_wconf 89' lang='lat' dir='ltr'>loco</span> <span class='ocrx_word' id='word_1_264' title='bbox 882 3068 1018 3119; x_wconf 78' lang='lat' dir='ltr'>manifesto</span> <span class='ocrx_word' id='word_1_265' title='bbox 1031 3069 1116 3135; x_wconf 61' lang='lat' dir='ltr'>teupi*</span> 
     </span>
     <span class='ocr_line' id='line_1_34' title="bbox 51 3131 1114 3202; baseline -0.002 -13"><span class='ocrx_word' id='word_1_266' title='bbox 51 3131 52 3136; x_wconf 61' lang='grc'>’</span> <span class='ocrx_word' id='word_1_267' title='bbox 102 3140 159 3202; x_wconf 77' lang='grc' dir='ltr'><strong><em>σοι,</em></strong></span> <span class='ocrx_word' id='word_1_268' title='bbox 179 3139 224 3200; x_wconf 88' lang='lat' dir='ltr'>ita,</span> <span class='ocrx_word' id='word_1_269' title='bbox 243 3143 271 3188; x_wconf 92' lang='lat' dir='ltr'>nt</span> <span class='ocrx_word' id='word_1_270' title='bbox 288 3137 313 3186; x_wconf 92' lang='lat' dir='ltr'>in</span> <span class='ocrx_word' id='word_1_271' title='bbox 330 3151 359 3186; x_wconf 86' lang='lat' dir='ltr'>re</span> <span class='ocrx_word' id='word_1_272' title='bbox 382 3151 504 3201; x_wconf 86' lang='lat' dir='ltr'>perquam</span> <span class='ocrx_word' id='word_1_273' title='bbox 524 3136 581 3184; x_wconf 83' lang='lat' dir='ltr'>vul·</span> <span class='ocrx_word' id='word_1_274' title='bbox 634 3136 700 3185; x_wconf 90' lang='lat' dir='ltr'>citur</span> <span class='ocrx_word' id='word_1_275' title='bbox 729 3133 763 3184; x_wconf 90' lang='lat' dir='ltr'>ad</span> <span class='ocrx_word' id='word_1_276' title='bbox 794 3149 870 3185; x_wconf 92' lang='lat' dir='ltr'>nnam</span> <span class='ocrx_word' id='word_1_277' title='bbox 899 3135 1053 3187; x_wconf 79' lang='lat' dir='ltr'>formulamr</span> <span class='ocrx_word' id='word_1_278' title='bbox 1083 3134 1114 3187; x_wconf 74' lang='grc' dir='ltr'><strong><em>τὸ</em></strong></span> 
     </span>
     <span class='ocr_line' id='line_1_35' title="bbox 101 3199 1117 3274; baseline -0.002 -16"><span class='ocrx_word' id='word_1_279' title='bbox 101 3209 298 3274; x_wconf 70' lang='grc' dir='ltr'><strong><em>ςετίτοοεπιεαι</em></strong></span> <span class='ocrx_word' id='word_1_280' title='bbox 312 3201 582 3269; x_wconf 69' lang='lat' dir='ltr'>diligentiam‘sectari</span> <span class='ocrx_word' id='word_1_281' title='bbox 634 3207 679 3271; x_wconf 73' lang='lat' dir='ltr'>pro</span> <span class='ocrx_word' id='word_1_282' title='bbox 707 3201 772 3251; x_wconf 76' lang='lat' dir='ltr'>dita</span> <span class='ocrx_word' id='word_1_283' title='bbox 802 3199 919 3267; x_wconf 74' lang='grc' dir='ltr'><strong><em>ὁμοίως,</em></strong></span> <span class='ocrx_word' id='word_1_284' title='bbox 950 3204 1117 3270; x_wconf 83' lang='lat' dir='ltr'>scriptoribus</span> 
     </span>
     <span class='ocr_line' id='line_1_36' title="bbox 100 3271 1155 3338; baseline -0.002 -10"><span class='ocrx_word' id='word_1_285' title='bbox 100 3277 225 3328; x_wconf 87' lang='lat' dir='ltr'>videatur.</span> <span class='ocrx_word' id='word_1_286' title='bbox 280 3273 460 3325; x_wconf 78' lang='lat' dir='ltr'>Quamobrem</span> <span class='ocrx_word' id='word_1_287' title='bbox 504 3271 582 3321; x_wconf 90' lang='lat' dir='ltr'>etiam</span> <span class='ocrx_word' id='word_1_288' title='bbox 634 3271 748 3321; x_wconf 79' lang='lat' dir='ltr'>civilibus</span> <span class='ocrx_word' id='word_1_289' title='bbox 773 3271 865 3322; x_wconf 84' lang='lat' dir='ltr'>crebro</span> <span class='ocrx_word' id='word_1_290' title='bbox 887 3279 1052 3338; x_wconf 84' lang='lat' dir='ltr'>usurpatum,</span> <span class='ocrx_word' id='word_1_291' title='bbox 1082 3273 1117 3326; x_wconf 78' lang='lat' dir='ltr'>de</span> <span class='ocrx_word' id='word_1_292' title='bbox 1154 3276 1155 3281; x_wconf 76' lang='grc'>’</span> 
     </span>
     <span class='ocr_line' id='line_1_37' title="bbox 100 3338 1124 3411; baseline 0 -16"><span class='ocrx_word' id='word_1_293' title='bbox 100 3347 209 3397; x_wconf 85' lang='lat' dir='ltr'>verbum</span> <span class='ocrx_word' id='word_1_294' title='bbox 228 3341 360 3407; x_wconf 70' lang='grc' dir='ltr'><strong><em>ὑπερέχειν</em></strong></span> <span class='ocrx_word' id='word_1_295' title='bbox 384 3347 424 3390; x_wconf 90' lang='lat' dir='ltr'>ter</span> <span class='ocrx_word' id='word_1_296' title='bbox 446 3341 470 3391; x_wconf 93' lang='lat' dir='ltr'>in</span> <span class='ocrx_word' id='word_1_297' title='bbox 490 3338 581 3389; x_wconf 85' lang='lat' dir='ltr'>eadem</span> <span class='ocrx_word' id='word_1_298' title='bbox 634 3355 684 3405; x_wconf 89' lang='lat' dir='ltr'>qua</span> <span class='ocrx_word' id='word_1_299' title='bbox 708 3339 818 3389; x_wconf 76' lang='lat' dir='ltr'>formula</span> <span class='ocrx_word' id='word_1_300' title='bbox 844 3338 908 3392; x_wconf 80' lang='lat' dir='ltr'>dixit</span> <span class='ocrx_word' id='word_1_301' title='bbox 926 3340 1124 3411; x_wconf 57' lang='lat' dir='ltr'>Roeekbiq&#39;a·</span> 
     </span>
     <span class='ocr_line' id='line_1_38' title="bbox 101 3406 1115 3478; baseline -0.007 -12"><span class='ocrx_word' id='word_1_302' title='bbox 101 3430 129 3466; x_wconf 89' lang='lat' dir='ltr'>re</span> <span class='ocrx_word' id='word_1_303' title='bbox 147 3418 266 3478; x_wconf 89' lang='lat' dir='ltr'>repetere</span> <span class='ocrx_word' id='word_1_304' title='bbox 278 3426 328 3460; x_wconf 93' lang='lat' dir='ltr'>non</span> <span class='ocrx_word' id='word_1_305' title='bbox 342 3408 473 3459; x_wconf 87' lang='lat' dir='ltr'>dubitavit.</span> <span class='ocrx_word' id='word_1_306' title='bbox 502 3406 581 3459; x_wconf 78' lang='lat' dir='ltr'>Quod</span> <span class='ocrx_word' id='word_1_307' title='bbox 635 3409 714 3474; x_wconf 75' lang='lat' dir='ltr'>Corp.</span> <span class='ocrx_word' id='word_1_308' title='bbox 734 3409 863 3472; x_wconf 88' lang='lat' dir='ltr'>Inscriptt.</span> <span class='ocrx_word' id='word_1_309' title='bbox 882 3409 903 3459; x_wconf 87' lang='lat'>1.</span> <span class='ocrx_word' id='word_1_310' title='bbox 920 3425 945 3476; x_wconf 85' lang='lat' dir='ltr'>p.</span> <span class='ocrx_word' id='word_1_311' title='bbox 962 3408 1018 3464; x_wconf 79' lang='grc'>124,</span> <span class='ocrx_word' id='word_1_312' title='bbox 1038 3409 1071 3462; x_wconf 80' lang='lat' dir='ltr'>sd</span> <span class='ocrx_word' id='word_1_313' title='bbox 1088 3424 1115 3463; x_wconf 83' lang='lat' dir='ltr'>tt.</span> 
     </span>
     <span class='ocr_line' id='line_1_39' title="bbox 101 3475 1118 3547; baseline -0.001 -15"><span class='ocrx_word' id='word_1_314' title='bbox 101 3497 224 3547; x_wconf 80' lang='lat' dir='ltr'>quorsum</span> <span class='ocrx_word' id='word_1_315' title='bbox 244 3479 382 3544; x_wconf 81' lang='lat' dir='ltr'>pertineat,</span> <span class='ocrx_word' id='word_1_316' title='bbox 402 3477 519 3541; x_wconf 81' lang='lat' dir='ltr'>proxime</span> <span class='ocrx_word' id='word_1_317' title='bbox 539 3492 580 3526; x_wconf 84' lang='lat' dir='ltr'>se·</span> <span class='ocrx_word' id='word_1_318' title='bbox 634 3475 676 3530; x_wconf 84' lang='grc'>84.</span> <span class='ocrx_word' id='word_1_319' title='bbox 709 3477 772 3538; x_wconf 83' lang='grc' dir='ltr'>Ηοο</span> <span class='ocrx_word' id='word_1_320' title='bbox 786 3484 870 3527; x_wconf 85' lang='lat' dir='ltr'>autern</span> <span class='ocrx_word' id='word_1_321' title='bbox 885 3479 946 3529; x_wconf 59' lang='lat' dir='ltr'>ioco*</span> <span class='ocrx_word' id='word_1_322' title='bbox 962 3479 1065 3530; x_wconf 85' lang='lat' dir='ltr'>omnino</span> <span class='ocrx_word' id='word_1_323' title='bbox 1083 3477 1118 3531; x_wconf 81' lang='lat' dir='ltr'>de</span> 
     </span>
     <span class='ocr_line' id='line_1_40' title="bbox 101 3545 1118 3616; baseline -0.004 -15"><span class='ocrx_word' id='word_1_324' title='bbox 101 3551 204 3616; x_wconf 90' lang='lat' dir='ltr'>quentia</span> <span class='ocrx_word' id='word_1_325' title='bbox 223 3548 285 3598; x_wconf 84' lang='lat' dir='ltr'>satis</span> <span class='ocrx_word' id='word_1_326' title='bbox 303 3547 445 3598; x_wconf 87' lang='lat' dir='ltr'>declarant.</span> <span class='ocrx_word' id='word_1_327' title='bbox 541 3584 543 3589; x_wconf 33' lang='lat' dir='ltr'>s</span> <span class='ocrx_word' id='word_1_328' title='bbox 635 3545 769 3609; x_wconf 83' lang='lat' dir='ltr'>diligentia</span> <span class='ocrx_word' id='word_1_329' title='bbox 796 3549 822 3595; x_wconf 84' lang='lat' dir='ltr'>et</span> <span class='ocrx_word' id='word_1_330' title='bbox 844 3547 972 3597; x_wconf 77' lang='lat' dir='ltr'>¹cautione</span> <span class='ocrx_word' id='word_1_331' title='bbox 997 3545 1118 3612; x_wconf 83' lang='lat' dir='ltr'>loquendi</span> 
     </span>
     <span class='ocr_line' id='line_1_41' title="bbox 635 3612 1120 3680; baseline 0.002 -15"><span class='ocrx_word' id='word_1_332' title='bbox 635 3612 797 3678; x_wconf 89' lang='lat' dir='ltr'>cogitandum</span> <span class='ocrx_word' id='word_1_333' title='bbox 819 3629 877 3665; x_wconf 84' lang='lat' dir='ltr'>esse</span> <span class='ocrx_word' id='word_1_334' title='bbox 894 3615 980 3680; x_wconf 79' lang='lat' dir='ltr'>liquet.</span> <span class='ocrx_word' id='word_1_335' title='bbox 1018 3617 1120 3669; x_wconf 64' lang='lat' dir='ltr'>Quamb</span> 
     </span>
    </p>
   </div>
   <div class='ocr_carea' id='block_1_8' title="bbox 126 3659 1119 3749">
    <p class='ocr_par' dir='ltr' id='par_1_8' title="bbox 126 3659 1119 3749">
     <span class='ocr_line' id='line_1_42' title="bbox 126 3659 1119 3749; baseline -0.002 -15"><span class='ocrx_word' id='word_1_336' title='bbox 126 3685 168 3734; x_wconf 75' lang='lat' dir='ltr'>D.</span> <span class='ocrx_word' id='word_1_337' title='bbox 181 3683 309 3746; x_wconf 83' lang='grc' dir='ltr'><strong><em>Ἔοικα,</em></strong></span> <span class='ocrx_word' id='word_1_338' title='bbox 323 3659 395 3747; x_wconf 65' lang='grc' dir='ltr'>ἔφη,</span> <span class='ocrx_word' id='word_1_339' title='bbox 409 3682 462 3730; x_wconf 79' lang='grc' dir='ltr'><strong><em>καὶ</em></strong></span> <span class='ocrx_word' id='word_1_340' title='bbox 479 3681 491 3736; x_wconf 72' lang='grc' dir='ltr'>ξ</span> <span class='ocrx_word' id='word_1_341' title='bbox 500 3700 586 3748; x_wconf 78' lang='grc' dir='ltr'><strong><em>υγγρ.</em></strong></span> <span class='ocrx_word' id='word_1_342' title='bbox 637 3683 726 3734; x_wconf 86' lang='lat' dir='ltr'>obrem</span> <span class='ocrx_word' id='word_1_343' title='bbox 746 3684 923 3748; x_wconf 75' lang='grc' dir='ltr'><strong><em>ἓιιγγριιφικῶς</em></strong></span> <span class='ocrx_word' id='word_1_344' title='bbox 949 3685 1119 3749; x_wconf 76' lang='lat' dir='ltr'>interpretan-</span> 
     </span>
    </p>
   </div>
   <div class='ocr_carea' id='block_1_9' title="bbox 100 3736 585 3884">
    <p class='ocr_par' dir='ltr' id='par_1_9' title="bbox 100 3736 585 3884">
     <span class='ocr_line' id='line_1_43' title="bbox 100 3736 584 3819; baseline -0.006 -17"><span class='ocrx_word' id='word_1_345' title='bbox 100 3736 206 3818; x_wconf 63' lang='lat' dir='ltr'>&#39;taetri</span> <span class='ocrx_word' id='word_1_346' title='bbox 243 3751 316 3804; x_wconf 81' lang='lat' dir='ltr'>Istud</span> <span class='ocrx_word' id='word_1_347' title='bbox 342 3753 519 3819; x_wconf 75' lang='grc' dir='ltr'><strong><em>ἓνγγραφικῶς</em></strong></span> <span class='ocrx_word' id='word_1_348' title='bbox 542 3751 584 3801; x_wconf 78' lang='lat' dir='ltr'>alii</span> 
     </span>
     <span class='ocr_line' id='line_1_44' title="bbox 105 3819 585 3884; baseline -0.004 -14"><span class='ocrx_word' id='word_1_349' title='bbox 105 3822 180 3871; x_wconf 82' lang='lat' dir='ltr'>aliter</span> <span class='ocrx_word' id='word_1_350' title='bbox 200 3819 407 3884; x_wconf 86' lang='lat' dir='ltr'>interpretantur.</span> <span class='ocrx_word' id='word_1_351' title='bbox 449 3819 585 3870; x_wconf 82' lang='lat' dir='ltr'>Fische-</span> 
     </span>
    </p>
   </div>
   <div class='ocr_carea' id='block_1_10' title="bbox 26 3886 587 3952">
    <p class='ocr_par' dir='ltr' id='par_1_10' title="bbox 26 3886 587 3952">
     <span class='ocr_line' id='line_1_45' title="bbox 26 3886 587 3952; baseline -0.002 -14"><span class='ocrx_word' id='word_1_352' title='bbox 26 3919 32 3930; x_wconf 39' lang='grc' dir='ltr'><strong><em>κ</em></strong></span> <span class='ocrx_word' id='word_1_353' title='bbox 105 3903 159 3938; x_wconf 87' lang='lat' dir='ltr'>rus</span> <span class='ocrx_word' id='word_1_354' title='bbox 177 3886 380 3952; x_wconf 81' lang='lat' dir='ltr'>enimexpiicat:</span> <span class='ocrx_word' id='word_1_355' title='bbox 400 3887 587 3938; x_wconf 89' lang='lat' dir='ltr'>historico·</span> 
     </span>
    </p>
   </div>
   <div class='ocr_carea' id='block_1_11' title="bbox 105 3953 586 4157">
    <p class='ocr_par' dir='ltr' id='par_1_11' title="bbox 105 3953 586 4157">
     <span class='ocr_line' id='line_1_46' title="bbox 105 3953 585 4024; baseline -0.008 -16"><span class='ocrx_word' id='word_1_356' title='bbox 105 3971 171 4008; x_wconf 90' lang='lat' dir='ltr'>rum</span> <span class='ocrx_word' id='word_1_357' title='bbox 186 3969 281 4008; x_wconf 91' lang='lat' dir='ltr'>more.</span> <span class='ocrx_word' id='word_1_358' title='bbox 295 3953 585 4024; x_wconf 76' lang='lat' dir='ltr'>wyttenbachius:</span> 
     </span>
     <span class='ocr_line' id='line_1_47' title="bbox 106 4023 586 4090; baseline 0.002 -16"><span class='ocrx_word' id='word_1_359' title='bbox 106 4023 475 4090; x_wconf 82' lang='lat' dir='ltr'>scriptorumciviiinur</span> <span class='ocrx_word' id='word_1_360' title='bbox 496 4038 586 4089; x_wconf 72' lang='lat' dir='ltr'>spn-</span> 
     </span>
     <span class='ocr_line' id='line_1_48' title="bbox 107 4092 586 4157; baseline 0.002 -14"><span class='ocrx_word' id='word_1_361' title='bbox 107 4093 277 4144; x_wconf 89' lang='lat' dir='ltr'>blieornm</span> <span class='ocrx_word' id='word_1_362' title='bbox 308 4092 450 4146; x_wconf 83' lang='lat' dir='ltr'>ratione.</span> <span class='ocrx_word' id='word_1_363' title='bbox 489 4092 586 4157; x_wconf 77' lang='lat' dir='ltr'>Hein-</span> 
     </span>
    </p>
   </div>
   <div class='ocr_carea' id='block_1_12' title="bbox 152 4153 571 4240">
    <p class='ocr_par' dir='ltr' id='par_1_12' title="bbox 152 4153 571 4240">
     <span class='ocr_line' id='line_1_49' title="bbox 152 4153 571 4240; baseline 0 -12"><span class='ocrx_word' id='word_1_364' title='bbox 152 4176 221 4228; x_wconf 55' lang='grc' dir='ltr'><strong><em>νισι.</em></strong></span> <span class='ocrx_word' id='word_1_365' title='bbox 242 4174 309 4240; x_wconf 75' lang='lat' dir='ltr'>opp.</span> <span class='ocrx_word' id='word_1_366' title='bbox 329 4153 388 4226; x_wconf 76' lang='lat' dir='ltr'>vin.</span> <span class='ocrx_word' id='word_1_367' title='bbox 407 4175 427 4225; x_wconf 88' lang='lat' dir='ltr'>r.</span> <span class='ocrx_word' id='word_1_368' title='bbox 449 4173 520 4224; x_wconf 74' lang='lat' dir='ltr'>raet.</span> <span class='ocrx_word' id='word_1_369' title='bbox 538 4174 571 4229; x_wconf 88' lang='lat' dir='ltr'>n.</span> 
     </span>
    </p>
   </div>
   <div class='ocr_carea' id='block_1_13' title="bbox 637 3750 1125 4150">
    <p class='ocr_par' dir='ltr' id='par_1_13' title="bbox 637 3750 1125 4150">
     <span class='ocr_line' id='line_1_50' title="bbox 637 3750 1120 3802; baseline -0.004 -1"><span class='ocrx_word' id='word_1_370' title='bbox 637 3751 699 3801; x_wconf 90' lang='lat' dir='ltr'>dnm</span> <span class='ocrx_word' id='word_1_371' title='bbox 713 3750 874 3802; x_wconf 78' lang='lat' dir='ltr'>estrmodo</span> <span class='ocrx_word' id='word_1_372' title='bbox 887 3751 1120 3802; x_wconf 85' lang='lat' dir='ltr'>etrationeao-</span> 
     </span>
     <span class='ocr_line' id='line_1_51' title="bbox 637 3816 1125 3883; baseline -0.008 -14"><span class='ocrx_word' id='word_1_373' title='bbox 637 3834 716 3879; x_wconf 89' lang='lat' dir='ltr'>rum,</span> <span class='ocrx_word' id='word_1_374' title='bbox 736 3819 790 3883; x_wconf 91' lang='lat' dir='ltr'>qui</span> <span class='ocrx_word' id='word_1_375' title='bbox 808 3816 1125 3883; x_wconf 58' lang='lat' dir='ltr'>syngrapirasfflou·v</span> 
     </span>
     <span class='ocr_line' id='line_1_52' title="bbox 637 3881 1122 3953; baseline -0.01 -16"><span class='ocrx_word' id='word_1_376' title='bbox 637 3887 763 3953; x_wconf 82' lang='lat' dir='ltr'>tracte)</span> <span class='ocrx_word' id='word_1_377' title='bbox 781 3887 954 3946; x_wconf 81' lang='lat' dir='ltr'>scribunt3</span> <span class='ocrx_word' id='word_1_378' title='bbox 979 3885 1005 3934; x_wconf 91' lang='lat' dir='ltr'>in</span> <span class='ocrx_word' id='word_1_379' title='bbox 1028 3881 1122 3946; x_wconf 79' lang='lat' dir='ltr'>quibus</span> 
     </span>
     <span class='ocr_line' id='line_1_53' title="bbox 638 3951 1121 4073; baseline -0.012 1"><span class='ocrx_word' id='word_1_380' title='bbox 638 3951 1121 4073; x_wconf 61' lang='lat' dir='ltr'>‘⁰¹¹¹tt‘2tittfflddtttttt</span> 
     </span>
     <span class='ocr_line' id='line_1_54' title="bbox 638 4035 1125 4150; baseline -0.016 -6"><span class='ocrx_word' id='word_1_381' title='bbox 638 4039 809 4144; x_wconf 39' lang='lat' dir='ltr'>&amp;cuderem</span> <span class='ocrx_word' id='word_1_382' title='bbox 828 4035 936 4139; x_wconf 70' lang='grc' dir='ltr'>(ἰοίιιὺ</span> <span class='ocrx_word' id='word_1_383' title='bbox 953 4064 1045 4138; x_wconf 63' lang='lat' dir='ltr'>Lm.</span> <span class='ocrx_word' id='word_1_384' title='bbox 1064 4053 1125 4150; x_wconf 46' lang='lat' dir='ltr'>syre</span> 
     </span>
    </p>
   </div>
   <div class='ocr_carea' id='block_1_14' title="bbox 840 4157 882 4214">
    <p class='ocr_par' dir='ltr' id='par_1_14' title="bbox 840 4157 882 4214">
     <span class='ocr_line' id='line_1_55' title="bbox 840 4157 882 4214; baseline -0.024 0"><span class='ocrx_word' id='word_1_385' title='bbox 840 4157 882 4214; x_wconf 78' lang='lat' dir='ltr'>ln</span> 
     </span>
    </p>
   </div>
   <div class='ocr_carea' id='block_1_15' title="bbox 0 0 1331 4620">
    <p class='ocr_par' dir='ltr' id='par_1_15' title="bbox 0 0 1331 4620">
     <span class='ocr_line' id='line_1_56' title="bbox 0 0 1331 4620; baseline 0 0"><span class='ocrx_word' id='word_1_386' title='bbox 0 0 1331 4620; x_wconf 95' lang='lat' dir='ltr'> </span> 
     </span>
    </p>
   </div>
  </div>
 </body>
</html>
