2604 4620
314 221 318 305 ᾗ
386 260 791 343 οιιιοοο.ρ.οο.ει.
950 217 954 228 “
1038 264 1099 327 rm

86 449 143 514 καὶ
165 440 249 512 αὐτὸ
275 437 314 509 τὸ
342 444 388 517 cic
413 432 603 525 ἀνθρώπου
626 436 720 520 σῶμα
745 437 860 500 ἐλθεῖν
873 430 960 521 ἀρχὴ
976 423 1019 515 ἦν
1036 430 1098 500 οὐ.

84 549 125 639 τῇ
150 541 306 632 ὀλέθρου,
331 534 438 624 ὥςπερ
464 530 583 613 νόοος·
610 536 665 600 καὶ
687 537 981 621 ταλαιπωροομὲνη
1008 558 1042 600 rs
1056 530 1098 622 δὴ

82 647 205 713 τοῦτον
229 637 290 710 τὸν
314 642 391 726 βίον
414 632 482 720 ζῴη
507 637 563 702 καὶ
589 633 768 702 ιελευτῶσοὲ
797 659 833 716 γι
859 640 894 702 ἐν
912 636 959 719 τῷ
975 637 1098 701 καλου-

81 752 167 830 μένῳ
195 738 343 822 θανάτῳ
368 731 581 803 ἀπολλύοιτο.
605 736 753 826 διαφέρει
777 737 811 800 δὲ
834 731 892 814 δή,
927 731 1006 826 φῄς,
1039 731 1096 800 οὐ·

81 845 147 922 δέν,
174 842 238 910 sl'ts
263 835 367 918 ἅπαξ
381 843 426 914 εὶς
452 838 546 921 σῶμα
573 837 712 921 ἔρχεται,
740 832 803 902 εἴτε
821 830 990 911 πολλάκις,
1014 831 1097 919 πρός

81 967 117 1025 ys
151 937 191 1008 τὸ
225 946 365 1006 ἕκαστον
397 933 492 1021 ἡμῶν
526 937 732 1026 φοβεῖσθαι·
765 930 922 1018 προςήκει
946 928 1011 1020 γὰρ
1033 957 1097 1022 ρο-

82 1044 234 1128 fletuum,
260 1045 288 1105 tl
312 1033 358 1124 μὴ
384 1032 539 1117 ἀνόητος
553 1033 613 1114 εἴη,
638 1037 685 1119 τῷ
698 1028 745 1120 μὴ
762 1029 864 1099 εἰδότι
878 1030 957 1118 μηδ’
986 1036 1095 1118 ἔχοντι

82 1137 185 1224 λόγον
217 1136 363 1216 διδόναι,
405 1132 450 1214 ὡς
479 1130 665 1202 ἀθάνατόν
705 1141 784 1201 ἐστι.
803 1165 806 1169 ·
826 1128 960 1199 τοιαῦτ’
1006 1127 1095 1199 ἄττα
1132 1215 1134 1219 y

81 1243 188 1320 torio,
229 1237 338 1325 οἶμαι,
385 1225 410 1300 ὦ
443 1236 572 1321 Κέβης,
613 1230 636 1300 ἃ
670 1237 786 1318 λέγεις·
822 1235 878 1298 καὶ
913 1231 1094 1312 ἐξεπίτηδες
1190 1325 1193 1335 .

943 1352 988 1396 n
1020 1342 1152 1397 ·.·.o.w
1172 1356 1191 1399 τ·
1212 1344 1289 1415 ι

148 1495 376 1568 πολυχρόνιόν
395 1498 430 1547 τί
445 1497 517 1547 ἔστι
535 1493 645 1561 ψυχή]
665 1494 695 1547 V.
716 1492 817 1560 δοτινῆ
839 1493 918 1559 ψυχή.
956 1494 1009 1546 Sed
1032 1495 1094 1544 urti-

79 1569 164 1622 culum
186 1568 261 1635 pauci
278 1571 383 1618 tuentur
402 1565 474 1627 libri,
494 1578 578 1628 neque
596 1565 612 1615 ii
631 1563 734 1628 optimi.
757 1562 813 1615 Vct
837 1562 911 1614 Vind.
931 1567 963 1613 ιιι.
981 1564 1042 1617 Pur,
1064 1563 1094 1615 C.

50 1711 57 1717 ι
80 1634 332 1702 πολιιχροιιῶτεροιι

149 1737 182 1788 1).
216 1734 372 1800 διαφέρει
400 1729 434 1781 δὲ
452 1727 505 1794 δή,
525 1727 600 1798 φῄς,
618 1727 728 1793 οὐδὲν]
749 1730 787 1780 ltu
804 1728 916 1780 Beirlrer.
937 1745 995 1781 cum
1013 1729 1096 1780 Helu-

81 1802 149 1856 dors.
172 1801 277 1868 scripsit
297 1798 452 1850 auctoritate
475 1797 537 1850 Pur.
566 1795 656 1848 CEL.
684 1796 838 1860 quibuscum
855 1796 925 1847 Flor.
943 1813 967 1848 u.
985 1798 1011 1848 b.
1030 1812 1051 1846 c
1071 1796 1094 1846 d.

79 1873 97 1924 i.
118 1888 152 1924 m.
171 1869 343 1923 consentiunt.
378 1865 414 1917 Et
440 1881 470 1917 eu
494 1864 621 1931 scripture
649 1869 756 1930 propter
781 1877 895 1926 sequens
919 1862 1038 1932 προςήκει
1055 1878 1097 1914 re·

79 1939 205 2004 quiritur,
228 1935 298 2001 quod
321 1933 433 1998 alioquin
452 1933 508 1984 sine
526 1932 660 1984 codicibus
678 1933 703 1982 in
722 1927 859 1997 προςήκειι
876 1932 970 1982 mutari
989 1936 1096 1996 oporte·

79 2013 129 2063 ret.
167 2005 251 2071 Vulgo
268 2003 399 2070 διαφέρειν
417 2001 444 2052 dl
461 1999 491 2064 δὴ
512 2018 540 2066 φ.
559 2000 630 2066 quod
647 2004 735 2051 servat
753 1998 815 2051 Tur.

80 2210 184 2271 poteret
203 2202 254 2254 sic:
273 2199 357 2251 urina
375 2204 460 2249 τοῦτο
476 2200 561 2267 pspv'-
611 2214 664 2267 quu
685 2199 798 2253 noudum
823 2215 881 2254 cum
908 2201 957 2255 lnoc
985 2219 1096 2271 corpore

79 2290 118 2322 ειν
141 2270 237 2340 μόνον,
267 2268 311 2319 ὅτι
333 2266 507 2332 πολυχρόνιόν
533 2270 564 2320 τέ
612 2269 762 2321 coniunctus
803 2271 897 2334 vixit),
935 2273 994 2324 sed
1036 2273 1096 2326 lroc

79 2336 561 2401 torum.l.‚idlnterpositscon-
611 2337 758 2402 ipsum,
800 2338 909 2402 quod
952 2342 988 2392 tn
1034 2339 1095 2393 hu·

79 2409 174 2459 muriae
190 2405 298 2458 tutionis
312 2403 442 2455 mentione
460 2405 562 2471 plenius
612 2420 738 2456 muuum
770 2420 898 2471 corpus
933 2409 1095 2472 migrave-

79 2470 561 2539 sicenuutiutur:dunrualaplrun‘,
611 2473 670 2535 rit,
705 2472 813 2524 luisse
849 2473 893 2536 el,
935 2482 1096 2539 tauquam

79 2540 123 2592 δτι
146 2543 177 2592 δέ
199 2548 267 2605 etc,
300 2542 325 2591 in
352 2540 446 2606 quibus
472 2542 561 2603 verbu,
612 2540 760 2591 morbum
779 2541 942 2605 aliquem,
968 2543 1096 2607 princi-

77 2608 227 2661 ἀθανασίαν
253 2611 299 2674 μὲν
318 2607 371 2675 μή,
392 2612 562 2674 compensant
612 2609 700 2673 pium
721 2615 752 2658 et
770 2608 896 2659 iontem
921 2611 1095 2662 interitus.

78 2677 271 2742 quodammodo
290 2678 362 2728 vocis
378 2675 462 2739 μόνον
480 2677 562 2727 omis·
611 2677 728 2742 Optativi
742 2693 821 2742 porro
834 2674 882 2744 ζῴη
895 2683 922 2729 et
933 2677 1094 2730 ἀπολλύοιτο

78 2746 186 2798 sionem.
227 2745 319 2809 Neque
343 2744 482 2796 obscurum
505 2748 561 2805 est,
612 2743 1094 2800 instemhubentrntionemetcsusarn.

13 2818 23 2825 “
79 2827 124 2863 cur
146 2814 245 2865 dictum
269 2814 303 2864 sit
326 2811 380 2880 μή,
410 2828 494 2878 neque
517 2811 561 2874 ου’,
613 2813 716 2878 Quippe
740 2813 782 2862 ubi
802 2813 857 2876 quis
881 2816 999 2863 oratioue
1018 2822 1094 2865 utens

77 2895 157 2944 quum
175 2894 219 2930 res
239 2895 272 2931 ex
290 2885 377 2930 mente
391 2880 496 2930 Cebetis
516 2895 562 2930 ex·
613 2881 719 2942 obliqua
754 2881 895 2942 inducitur,
932 2879 998 2931 lund
1034 2897 1095 2933 ruro

78 2948 196 3013 plicetur.
245 2947 324 2999 Quod
360 2962 412 3010 quo
442 2948 498 2998 iure
527 2947 563 2996 itu
614 2948 744 3012 optativus
778 2948 833 2996 sine
862 2948 1041 2998 coniunctione
1069 2954 1096 2999 et

79 3019 235 3075 statuamus,
252 3013 353 3063 facilius
371 3015 512 3078 perspicies
531 3028 563 3064 ex
613 3014 646 3063 ἄν
679 3013 801 3074 insertur,
830 3013 905 3063 sicuti
935 3015 985 3063 inm
1018 3027 1096 3078 supru

79 3080 129 3130 lruc
153 3081 378 3144 interpretationes
409 3080 563 3159 „diesem
615 3079 775 3130 ostendimus
803 3078 836 3127 ad
859 3095 884 3143 p.
909 3079 952 3131 86.
979 3084 1010 3130 Α.
1037 3081 1095 3131 coll.

79 3144 564 3277 tttz‘itlzlll&stultit
614 3145 727 3264 llll·
741 3145 774 3278 l:
796 3143 856 3265 liii
875 3145 1096 3280 luttizi

77 3282 170 3332 nicist
200 3287 284 3333 etrus
306 3282 381 3345 eine
404 3281 563 3333 Unsterb-
612 3279 706 3332 Latine
736 3282 788 3334 sic:
824 3280 943 3346 itaque
967 3297 1037 3334 eum
1065 3288 1096 3334 et

78 3348 236 3414 llchkcit,
256 3348 395 3400 sonderu
413 3349 489 3400 dass
508 3349 564 3399 die
614 3347 694 3400 huuc
713 3353 812 3399 vitam
832 3350 1020 3414 transigere
1041 3366 1095 3402 ae-

78 3416 177 3469 Seele
216 3423 320 3470 etwas
352 3418 453 3482 iunge
488 3416 563 3467 dsu·
613 3423 987 3482 rumnosametmorte‚
1013 3433 1096 3482 quac
1191 3418 1196 3428 '

79 3486 200 3537 erudes
219 3487 299 3539 sei.“
335 3483 511 3536 Transeamus
530 3484 563 3535 ud
614 3484 764 3547 dicatur,
789 3484 919 3536 taudem
938 3488 1095 3541 consumi.

78 3553 205 3618 proxime.
240 3553 276 3607 Et
296 3553 360 3604 haec
379 3552 499 3617 quidem:
517 3551 564 3601 ‹il-
613 3552 742 3606 Quocirca
758 3552 830 3620 vides
842 3567 931 3603 rursus
948 3551 986 3604 liic
1003 3555 1096 3605 modos

77 3619 109 3669 λὰ
143 3619 176 3686 ἂρ
195 3618 273 3672 οὐδέν
287 3640 313 3672 τι
330 3639 358 3686 μ.
375 3640 399 3672 s.
417 3640 441 3674 τ.
460 3621 483 3674 i.
500 3621 563 3688 item
613 3620 736 3671 undu'cius
766 3620 861 3671 variari
894 3628 971 3687 utque
994 3628 1095 3675 rectum

78 3702 94 3738 e
135 3689 216 3739 ebetis
229 3696 316 3741 mente
329 3688 457 3748 dicuntur,
471 3704 563 3754 quum·
614 3688 771 3753 orationem,
795 3694 825 3739 ut
842 3705 868 3754 p.
886 3688 929 3743 86,
950 3691 981 3739 Α.
1000 3690 1042 3743 87.
1062 3690 1095 3740 E.

78 3767 155 3818 quum
171 3757 267 3808 veriats
288 3758 414 3808 orationis
432 3761 563 3808 structura
613 3771 671 3807 oum
689 3757 791 3822 obliqua
808 3757 926 3820 misceri3
947 3757 1024 3806 cuius·
1036 3771 1096 3821 per-

78 3822 242 3875 enunticntur
263 3826 360 3888 libere3
381 3826 435 3888 its,
459 3832 488 3875 ut
510 3824 563 3874 Lu-
613 3824 743 3877 mixtionis
791 3827 911 3890 exemplu
952 3823 1097 3874 notavimus

77 3889 132 3939 tine
150 3891 257 3952 exprimi
274 3891 323 3944 lroc
343 3893 424 3944 modo
448 3894 562 3958 possintz
613 3893 691 3943 etium
715 3892 748 3945 sd
777 3892 897 3967 Sympos.
927 3905 950 3953 p
978 3887 1038 3941 210.
1063 3888 1098 3941 B.

78 3959 113 4006 nt
135 3957 221 4007 enim
246 3958 469 4028 nihilomagis
495 3959 562 4011 sul·
613 3959 719 4012 luctet.
738 3977 764 4027 p.
786 3957 845 4013 186.
863 3957 895 4012 B.
915 3956 996 4007 Alcib.
1017 3955 1051 4006 li.
1070 3971 1096 4021 p.

78 4037 155 4075 mum
196 4024 305 4076 tulus
332 4028 561 4081 tmmortulem
614 4026 671 4082 147.
690 4027 722 4080 Ε.
909 4039 911 4045 ’

75 4092 170 4172 (intell.
205 4091 231 4144 lu
259 4093 464 4158 meruere-un
497 4096 562 4160 vitu,
