2604 4620
523 250 572 295 AD
595 249 809 297 sinuosum.
999 266 1002 271 ·
1108 251 1173 300 LIII

167 401 298 466 ductum
319 424 397 477 esse,
412 411 457 465 ut
469 399 557 477 vitia,
578 400 696 483 quibus
711 401 781 466 eius
794 400 894 467 oratio
908 401 1042 479 laborat,
1064 403 1173 490 lepide

167 485 341 569 festiveque
362 495 539 571 carpantur,
561 486 702 568 adeoque
723 486 826 551 omnis
843 486 959 551 amoris
973 486 1053 563 laus,
1076 510 1171 572 quam

167 570 340 655 praedicat,
368 592 453 635 mere
480 569 607 654 poetica
632 580 728 653 atque
754 592 835 635 vana
862 584 894 635 et
918 571 1022 636 inanis
1047 571 1099 646 sit,
1122 583 1171 637 ta·

168 677 240 719 men
256 656 352 738 quod
382 655 422 719 de
449 654 580 737 reliquis
608 653 787 719 oratoribus
814 654 917 720 adhuc
945 654 1051 720 dicere
1071 656 1172 733 licuit,

167 737 251 804 idem
272 740 312 804 de
333 740 406 825 ipso
420 760 554 822 ‘quoque
575 739 745 803 dicendum
766 749 824 804 est.
847 739 1009 822 Loquitur
1026 740 1111 805 enim
1131 740 1173 807 de

166 845 273 888 amore
296 825 351 900 sic,
376 835 423 901 ut,
451 822 596 907 quamvis
621 824 663 887 ad
682 824 866 889 interiorem
886 825 950 888 vim
973 835 1005 890 et
1025 836 1173 890 naturam

166 908 234 974 eius
256 908 459 994 aperiendam
479 930 517 972 ac
533 907 760 973 declarandam
788 908 866 972 nihil
894 930 995 994 prope
1021 909 1181 989 conferat.

167 1004 273 1057 tamen
292 993 404 1058 foedae
424 991 573 1058 lubidinis
592 993 814 1080 cogitationem
828 994 940 1078 procul
953 1005 1063 1059 arceat
1076 1004 1173 1094 atque

165 1099 269 1141 unum
286 1088 407 1157 castum
451 1099 765 1160 urumqueamorem
785 1077 819 1141 in
840 1088 946 1142 mente
973 1077 1094 1143 habere
1120 1102 1171 1144 ιιι-

167 1161 321 1226 dicandus
342 1162 392 1226 sit.
427 1100 456 1225 ἶ)

165 1268 248 1324 mua,
279 1245 320 1310 ab
339 1246 428 1310 initio
448 1246 599 1311 orationis
626 1268 703 1313 suae
729 1247 851 1332 profert
872 1259 1080 1332 praeceptum
1101 1247 1174 1311 dia·

165 1329 327 1408 lenticum,
364 1331 450 1416 quod
477 1330 519 1395 ad
549 1330 730 1419 argumenti
764 1331 985 1420 tractationem
1018 1353 1172 1416 perquam

166 1414 363 1480 conducibile
386 1426 441 1480 est
476 1413 679 1495 Quod.·enim
701 1427 811 1481 censet
830 1416 865 1479 in
887 1416 972 1480 omni
992 1416 1173 1481 laudatione

165 1500 210 1563 ita
230 1500 523 1576 esse-versandum,
537 1506 587 1562 lut·
600 1501 738 1584 primum
759 1500 926 1579 indicetur,
950 1501 1054 1585 qualis
1077 1500 1170 1578 sitis,

164 1584 220 1668 qui
240 1584 398 1663 laudetur,
420 1583 535 1647 deinde
556 1596 662 1647 autem
683 1584 879 1660 ostendatur,
901 1606 1057 1668 quaenam
1079 1586 1171 1650 dotes

165 1679 222 1731 aut
240 1667 374 1731 virtutes
396 1666 426 1730 ei
448 1666 634 1731 tribuendae
655 1667 728 1743 sint,
756 1668 791 1732 id
818 1679 883 1731 tam
904 1669 1080 1753 prudenter
1100 1670 1171 1732 ani-

166 1751 366 1815 madversum
388 1760 447 1827 est,
469 1761 506 1814 ut
525 1750 595 1837 ipse
619 1749 766 1816 Socrates
789 1775 858 1816 eam
878 1753 1034 1818 rationem
1056 1752 1173 1818 deinde
1233 1752 1255 1763 ''

166 1857 231 1900 non
244 1835 338 1900 modo
352 1834 535 1900 assensione
552 1836 813 1922 sua-comprobet,
826 1836 990 1901 sedetiam
1004 1836 1038 1900 in
1053 1836 1174 1902 orando
1235 1851 1238 1855 ’

206 1943 223 1984 r
243 1920 348 1984 omnia
370 1933 520 2004 sequatur
539 1920 697 2006 planeque
718 1942 809 1985 suam
829 1920 932 1984 faciat.
955 1918 1172 2001 Quamobrem

164 1942 242 2070 lieo
262 2006 445 2104 praecept-io
464 2004 629 2070 dialectica
642 2028 721 2070 eam
740 2004 837 2070 habet
857 2004 932 2082 vim,
956 2018 991 2068 ut
1009 2005 1100 2089 quasi
1113 2009 1173 2092 pe'r
1226 2002 1229 2007 ’

165 2113 237 2240 {Sil}
262 2090 399 2154 instituti
424 2112 463 2155 ac
487 2090 668 2177 praeparati
688 2092 730 2155 ad
752 2087 894 2154 Socratis
922 2090 1094 2155 orationem
1115 2113 1171 2181 ιιι·

224 2198 325 2240 amns.
635 2216 639 2223 -

208 2256 275 2324 Sed
289 2259 366 2324 satis
378 2259 458 2325 hacc
472 2261 515 2325 de
527 2260 668 2345 quinque
683 2259 879 2326 orationibus
893 2259 1063 2346 prioribus.
1087 2258 1172 2340 Qui·

164 2340 226 2409 but
246 2346 392 2410 mutiano
414 2344 606 2431 subiungere
631 2345 737 2431 placet
762 2367 843 2429 quae
866 2342 1016 2409 Socrates
1044 2344 1077 2406 in
1092 2366 1171 2407 ora-

166 2429 259 2494 tionis
282 2452 357 2495 suae
378 2430 539 2514 prooemio
561 2430 702 2515 exponit.-
722 2427 880 2494 Nimirum
901 2428 1170 2512 quemadmodum

164 2514 226 2601 iste
246 2514 279 2578 in
293 2514 455 2601 Apologia
468 2513 632 2581 Platonica
644 2514 691 2578 ita
710 2514 843 2597 loquens
862 2513 1032 2589 inducitur,
1054 2523 1091 2575 ut
1108 2535 1171 2660 pe·

165 2621 242 2665 nare
263 2599 388 2664 dicendi
409 2599 548 2664 iudiciali
570 2610 677 2686 spreto
698 2621 736 2665 ac
762 2599 908 2685 neglecto
935 2597 1041 2683 potius
1069 2619 1107 2662 su
1130 2597 1170 2661 ti-

164 2683 237 2749 liter
257 2683 434 2750 disserendi
456 2684 717 2750 consuetudinem
737 2695 871 2782 usurpet
891 2685 926 2746 in
940 2682 1010 2748 foro
1025 2704 1088 2746 non
1101 2681 1172 2746 usi·

165 2777 273 2844 tatum,
300 2770 346 2833 ita
371 2770 405 2833 in
427 2767 599 2855 Symposio
620 2790 757 2852 quoque,
785 2790 883 2832 misso
904 2789 1021 2852 genere
1043 2765 1173 2830 dicendi

165 2853 366 2938 panegyrico,
388 2874 451 2934 quo
472 2855 569 2917 ceteri
583 2854 633 2917 usi
650 2866 734 2931 sunt,
757 2864 910 2937 protenus
923 2874 991 2915 rem
1006 2851 1173 2915 dialectice
1244 2904 1249 2919 .

166 2936 383 3019 pervestigare
400 2945 505 3017 atque
532 2938 697 3020 exquirere
723 2937 872 3000 instituit
909 2932 1007 3014 Quod
1032 2956 1097 2998 non
1123 2943 1172 2997 te·

165 3040 253 3082 mere
274 3018 319 3081 ita
339 3018 458 3082 factum
479 3041 548 3084 esse
569 3020 641 3102 quis
662 3031 712 3083 est
733 3021 810 3102 quin
838 3019 897 3082 sibi
925 3019 1017 3081 facile
1038 3038 1171 3100 persua-

131 3140 137 3159 ι
168 3102 263 3166 deatl
296 3100 469 3167 Enimvero
496 3104 557 3168 isto
584 3104 712 3186 quidem
732 3115 824 3187 paeto
846 3101 1012 3166 dialectiea
1032 3102 1101 3164 veri
1121 3100 1173 3164 in-

166 3185 347 3272 vestigandi
367 3187 458 3264 ratio,
479 3209 577 3270 quam
596 3210 693 3252 unam
713 3186 805 3251 Plato
833 3187 923 3250 iuxta
944 3208 1017 3250 cum
1039 3183 1173 3251 Socrate

166 3272 311 3336 idoneam
341 3273 382 3335 ad
415 3270 701 3370 philosophandum
733 3294 803 3336 esse
832 3270 970 3347 censuit,
1003 3269 1173 3356 opponitur

166 3355 334 3423 continuae
345 3357 486 3436 orationi,
501 3378 565 3441 qua
579 3379 677 3441 quum
686 3356 837 3432 rhetores,
850 3366 917 3420 tum
929 3354 1171 3440 sophistae'ute·

167 3442 299 3520 bantur,
329 3442 407 3506 adeo
430 3464 470 3506 ue
492 3442 703 3529 significatur,
731 3441 770 3506 de
791 3462 854 3524 quo
874 3463 973 3524 quum
995 3439 1081 3518 alibi,
1103 3450 1172 3504 tum

166 3526 311 3611 inprimis
336 3526 369 3590 in
396 3463 520 3614 (iorgia
547 3539 642 3610 atque
661 3526 808 3592 Phaedro
836 3525 1033 3610 disputatur,
1063 3546 1173 3590 veram

168 3625 267 3676 artem
288 3611 415 3676 dicendi
431 3611 618 3677 'dialectices
639 3611 798 3697 praesidio
820 3621 852 3674 et
873 3610 1054 3675 adiumento
1068 3609 1171 3673 haud-

457 1171 698 1227 rasura-vero
720 1161 825 1238 etiam,
852 1161 949 1226 sicuti
976 1173 1069 1227 antea
1089 1162 1172 1228 vidi·
1267 1184 1274 1195 ·

169 3716 325 3779 quaquam
347 3718 452 3761 carere
473 3720 577 3782 posse.
614 3693 680 3761 Sed
705 3697 884 3774 videamus,
914 3694 1065 3779 quidnam
1092 3693 1172 3758 illud
1274 3706 1277 3711 ’

169 3780 335 3926 sit‚¹fquod
356 3779 505 3847 Socrates
533 3781 651 3847 auditis
676 3781 738 3846 illis
763 3779 957 3845 orationibus
977 3779 1011 3843 in
1032 3778 1171 3843 medium

169 3874 319 4012 prbinrilii
341 3950 350 4012 i
375 3950 439 4014 itur
462 3952 642 4040 Agathonis
669 3922 810 4016 oratione
831 3950 884 4015 ille
906 3950 1011 4012 faceta
1033 3966 1106 4010 oum
1127 3943 1171 4042 ir-

171 4033 286 4098 risione
308 4032 339 4096 in
364 4056 421 4098 en
442 4059 473 4120 p.
492 4038 623 4102 198..Α.
644 4035 831 4125 perstringit
854 4032 1033 4119 superiores
1054 4049 1172 4131 amona
