2604 4620
424 253 633 334 cunano.
657 293 686 351 p.
713 271 785 338 ua.
807 273 852 338 ss.
1084 244 1146 340 aar

138 444 200 514 οὐκ
227 454 287 532 ἔχει
314 445 390 512 οὐδὲ
416 444 517 531 βάσιν
543 438 580 509 τὸ
617 438 722 529 ὑγρὸν
754 448 867 512 τοῦτο.
903 451 1070 534 αἰωρεῖται
1108 445 1147 530 δὴ
1179 456 1181 458 ’

137 550 193 612 καὶ
217 551 365 632 κυμαίνει
391 542 459 612 ἀνω
486 547 541 610 καὶ
567 539 667 622 κάτω,
695 549 750 609 καὶ
776 542 794 610 ὁ
820 541 969 634 ἀὴρνκαὶ
995 542 1034 612 τὰ
1052 551 1149 614 πνεῦ-

136 672 184 733 μα
209 643 251 720 τὸι
273 650 345 732 περὶ
373 641 456 712 αὐτὸ
483 637 608 710 ταύτὸν
633 656 736 710 ποιεῖ·
769 644 938 724 ξυνέπεται
964 642 1028 730 γάρ
1055 646 1147 731 αὐτῷ

136 749 192 813 καὶ
218 744 301 813 ὅταν
329 755 374 825 τὶς
399 742 437 813 τὸ
464 752 610 832 ἐπέκεινα
637 746 696 824 τῆς
720 746 780 827 γῆς
811 741 940 837 ὁρμήσῃ
972 751 1027 811 καὶ
1063 743 1148 813 ὅταν

136 855 182 922 εὶς
210 844 246 914 τὸ
272 850 324 913 ἐπὶ
350 843 438 925 τάδε,
463 848 519 911 καὶ
544 839 649 929 ὥςπερ
678 847 744 909 τῶν
768 843 1006 911 ἀναπνεόντων
1022 843 1081 912 ,ἀεὶ
1099 853 1149 914 ὲκ-

137 957 211 1015 πνεῖ
234 972 267 1013 τε
293 950 347 1014 καὶ
375 944 518 1035 ἀναπνεῖ
534 940 620 1032 ’ῥέον
647 940 685 1010 τὸ
712 947 865 1029 πνεῦμα,
892 942 977 1010 οὕτω
1006 951 1061 1012 καὶ
1087 956 1150 1015 ἐκεῖ

137 1045 421 1133 ξυναιωρούμενον
454 1049 500 1130 τῷ
533 1040 622 1132 ὑγρῷ
656 1040 695 1112 τὸ
730 1048 861 1131 πνεῦμα
897 1044 1024 1125 δεινούς
1057 1071 1151 1126 τινας

138 1146 282 1229 ἀνέμους
304 1151 359 1213 καὶ
374 1145 578 1232 ’ἀμνχάνορς
604 1151 781 1229 παρέχεται
796 1149 851 1212 καὶ
868 1142 966 1223 alcida
984 1150 1038 1213 καὶ
1053 1144 1151 1227 ἐξιόν.

139 1243 222 1312 ὅταν
248 1273 282 1312 τε
309 1237 368 1314 οὖν
395 1245 545 1334 lipparitana
570 1242 768 1337 ἀποχωρήσῃ
809 1244 847 1311 τὸ
884 1243 972 1332 ὕδωρ
1008 1254 1053 1323 εὶς
1088 1243 1150 1313 τὸν
1179 1257 1204 1317 C

140 1344 246 1465 τόπον
273 1343 331 1414 τὸν
364 1344 415 1434 drix
438 1345 526 1414 κάτω
563 1344 787 1430 καλούμενον,
823 1359 894 1422 τοῖς
929 1343 1003 1411 κατ’
1042 1354 1150 1413 ἐκεῖνα

139 1443 180 1513 τά
207 1443 356 1537 ῥευματα
381 1444 435 1514 διὰ
474 1449 532 1526 τῆς
568 1449 629 1530 γῆς
661 1454 756 1532 εὶςρεῖ
782 1470 816 1510 τε
842 1449 897 1513 καὶ
920 1450 1044 1533 πληροι
1064 1471 1150 1512 αντα

137 1542 243 1633 ὥςπερ
272 1553 304 1613 οἱ
331 1549 588 1621 ἑπαντλοῦντες·
614 1570 699 1612 οταν
717 1569 750 1611 τε
766 1569 809 1609 αν
826 1550 956 1613 ἐκεῖθεν
981 1544 1085 1631 μὲν’
1067 1572 1153 1614 απο-

71 1669 81 1747 ¹.
139 1651 234 1738 λέπη,
271 1649 368 1732 δεῦρο
404 1649 438 1711 δὲ
473 1641 620 1735 ὁρμήση,
652 1640 853 1710 adtestatus
888 1649 1010 1732 πληροῖ
1035 1637 1153 1733 αὖθις,

172 1809 183 1834 f
199 1804 202 1808 ,

212 1905 243 1956 Β.
282 1905 355 1972 περὶ
382 1903 480 1970 αὐτό]
511 1904 582 1955 lribri
613 1902 710 1967 αὐτόν,
741 1905 812 1967 quod
838 1907 945 1958 mutavit
970 1907 1105 1957 Heindorf.
1131 1909 1157 1959 iu

141 1970 225 2038 adad,
247 1974 373 2037 probante
392 1975 531 2036 Bellero,
551 1973 633 2035 nstro,
652 1973 716 2024 aliis.
752 1974 928 2025 Masculinum
947 1990 981 2024 ne
997 1974 1033 2024 ita
1050 1974 1157 2056 quidem

142 2040 245 2091 delendi
264 2048 367 2106 potest,
388 2049 417 2092 ut
434 2043 571 2092 Platonem
591 2043 769 2094 existimemus
792 2041 839 2092 τὸν
864 2041 1029 2110 Τέρταρον
1023 2059 1048 2093 m
1071 2043 1162 2105 animo

141 2109 281 2173 lrabuisse,
300 2125 351 2160 non
369 2109 399 2162 acl
420 2108 512 2176 ὑγρόν

144 2285 184 2328 ter
201 2277 247 2330 Fr.
269 2279 397 2341 datius,
421 2278 463 2341 qui
484 2277 626 2328 orationem

145 2352 292 2411 corruptam
316 2352 406 2397 censet
434 2347 540 2395 vocibus
572 2352 628 2400 τοῖς

145 2420 174 2464 et
191 2413 232 2463 διά
250 2431 300 2479 per
316 2415 432 2465 lraudem
446 2414 530 2464 illatis.
563 2413 629 2464 Qui·

145 2483 193 2533 bus
217 2484 330 2534 extrusis
361 2498 466 2534 sensnm
501 2482 628 2532 exsistere

131 2556 220 2617 ¹putat
232 2551 351 2602 idoneum
365 2551 475 2602 lruncce:
496 2549 628 2613 quando

146 2635 231 2683 aqua
271 2633 493 2685 prorumpens
522 2619 554 2667 in
583 2619 630 2667 lo-

146 2703 215 2738 cum
245 2689 300 2752 qui
336 2688 462 2738 dicitur
490 2685 629 2735 inferio·

146 2771 211 2806 rena
243 2756 393 2819 recedit,
427 2756 457 2805 in
492 2754 630 2804 llumina

147 2829 280 2886 terrae,
315 2839 399 2887 quae
434 2822 509 2872 illic
545 2827 628 2886 sunt,

148 2890 281 2951 influit,
300 2907 401 2955 eaque
418 2891 549 2955 implet.
576 2890 631 2941 No-

149 2959 191 3008 bis
217 2972 279 3007 vero
303 2974 335 3007 ne
358 2959 431 3008 litera
448 2958 551 3021 quidem
573 2960 631 3009 loco

149 3041 199 3076 suo
217 3025 344 3075 movenda
356 3027 464 3075 videtur.
496 3025 561 3076 Nam
577 3031 633 3083 τοῖς

150 3091 210 3144 κατ’
236 3094 316 3141 ἐκεῖνα
340 3091 371 3141 τὰ
397 3092 515 3158 ῥεύματα
539 3093 634 3145 intelli-

151 3161 266 3228 gendum
289 3160 322 3212 de
344 3161 475 3211 fluminum
493 3161 634 3212 inferorum

151 3230 287 3291 tractibus,
306 3229 331 3278 in
348 3244 413 3292 quos
431 3243 496 3293 aqua
513 3244 570 3280 curn
586 3231 635 3280 im-

151 3304 214 3366 petu
232 3313 265 3348 ex
285 3297 400 3362 supernis
419 3300 503 3347 terrae
522 3299 635 3363 partibus

151 3366 280 3418 recedens
297 3365 452 3426 infunditur,
476 3365 512 3414 ita
535 3371 563 3414 nt
584 3366 636 3416 iam

153 3435 188 3487 illi
207 3441 303 3485 tantam
323 3448 447 3498 aquarum
472 3433 523 3483 vim
542 3434 636 3497 recipi-

153 3509 207 3565 ant,
225 3509 253 3552 ut
271 3518 375 3568 prorsus
393 3503 552 3566 impleantur.
582 3501 636 3551 Da-

87 3580 89 3586 ⁴
153 3572 220 3622 tirus
239 3577 324 3622 antem
351 3577 426 3636 aptus
444 3583 577 3632 nexusque
596 3574 637 3620 est

60 3688 65 3696 ,
155 3654 188 3690 ex
214 3640 306 3702 εἰςρεῖ,
340 3639 409 3703 quod
446 3653 491 3687 cur
516 3652 573 3686 cnm
604 3652 636 3687 eo

154 3721 217 3758 casu
235 3709 305 3772 iungi
330 3722 379 3757 uon
398 3722 476 3772 posse
493 3704 637 3770 putandum

154 3775 201 3838 sit,
245 3775 440 3840 haudquaquam
475 3774 632 3838 intelligitur.

155 3843 256 3896 Similia
277 3851 349 3895 certe
368 3844 443 3894 liuius
463 3843 636 3892 constructio·

151 3912 194 3961 nis
217 3913 333 3977 exempla
359 3913 424 3963 berae
451 3913 531 3963 multa
561 3910 638 3960 affert

71 3992 74 3997 ’
154 3979 317 4030 Matthiae
341 3981 387 4033 Gr.
412 3979 459 4030 Gr.
485 3979 507 4044 §.
530 3977 590 4032 402.
614 3994 636 4032 c.

691 4047 835 4176 ἶζΐρὴνᾰτ.
854 4043 887 4104 ad
904 4039 1071 4107 Xenophont
1092 4037 1269 4344 Mem!

146 4064 181 4131 p
195 4046 256 4101 902.
274 4063 312 4110 sq
336 4047 376 4100 ed.
396 4046 421 4099 3
456 4048 547 4112 ltaque
572 4063 638 4110 aqua

146 4112 199 4182 (ad
220 4114 304 4180 odop)
323 4129 381 4166 cnm
400 4115 496 4180 impetu
514 4116 639 4168 recedens

678 2277 711 2328 ad
731 2278 827 2329 inferna
839 2279 931 2329 dicitur
944 2277 1065 2328 inlnndi'
1058 2295 1083 2329 m
1101 2278 1161 2328 loca

678 2347 816 2408 inferiora,
835 2363 882 2413 per
898 2362 966 2410 qnae
984 2348 1086 2397 llumina
1105 2361 1161 2396 me-

678 2421 721 2465 ant
752 2414 841 2464 inlera.
881 2415 909 2466 ld
937 2420 1024 2466 autem
1048 2412 1162 2464 rectissi-

678 2499 720 2534 me
738 2482 868 2544 iudicatur
885 2483 971 2534 lacere
989 2482 1031 2531 διὰ
1046 2487 1093 2544 τῆς
1105 2485 1162 2547 γῆς,

678 2565 738 2617 per
756 2556 898 2614 terram,
917 2536 1011 2615 quippe
1029 2565 1109 2615 quum
1129 2562 1163 2599 ex

679 2635 712 2670 ex
736 2621 910 2683 superioribus
937 2620 1085 2683 regionibus
1116 2630 1163 2682 per

679 2693 764 2738 terrae
782 2694 883 2738 meatus
900 2687 1015 2737 seratur
1009 2704 1033 2736 nr
1045 2685 1163 2750 regiones
1185 2684 1189 2696 '

680 2755 834 2819 inferiores,
862 2761 891 2805 ut
908 2756 982 2806 facile
1004 2761 1100 2819 pateat,
1121 2750 1174 2804 dioi-

681 2824 769 2887 uthue
798 2826 884 2874 locum
910 2839 990 2882 sunm·
1009 2829 1098 2873 tenere
1122 2836 1164 2872 re·

681 2891 804 2942 ctissime.
842 2893 959 2955 Denique
981 2891 1053 2941 facile
1071 2889 1166 2940 intelli·
1247 2899 1249 2909 '¹

682 2960 750 3024 gitur
775 2959 807 3008 ad
831 2958 913 3023 ὥςπερ
937 2959 963 3007 oi
980 2959 1166 3012 ἐπαντλοῦντες

683 3027 839 3090 cogitatione
857 3025 1003 3076 addendum
1024 3039 1083 3074 esse
1101 3024 1167 3086 πλη-

685 3099 775 3163 ροῦσι,
794 3093 817 3143 h.
834 3111 857 3144 e.
876 3077 1166 3157 quemadmoddm

685 3162 737 3226 qui
756 3161 1000 3227 antlia(Pumpe)
1017 3166 1166 3222 utuntur,

685 3231 829 3293 iaciunt,
862 3230 1092 3294 aquas2aqnis
1122 3227 1168 3279 al·

686 3300 699 3350 l
706 3314 720 3348 n
730 3299 768 3348 ud
777 3305 851 3348 ente
861 3314 882 3350 s.
923 3297 1075 3348 Tenendum
1101 3297 1169 3362 enim

685 3366 900 3428 ἔπαντλοῦντες,
928 3381 975 3416 nec
998 3381 1060 3415 vero
1088 3365 1170 3420 ἐξαν-

686 3437 811 3491 alodum
830 3435 953 3499 scriptum
969 3450 1036 3496 esse,
1055 3434 1080 3484 id
1099 3433 1170 3497 quod

686 3505 841 3568 interpretes
867 3519 917 3553 uon
942 3502 1004 3552 satis
1035 3501 1184 3566 diligenter.

687 3572 899 3622 animadvertisse
924 3571 1048 3620 ridentur.
1092 3569 1171 3620 Cete-

687 3655 743 3690 rum
778 3639 936 3725 respondent
964 3639 1031 3688 inter
1057 3653 1086 3687 se
1112 3637 1172 3686 bina

688 3709 817 3758 membra:
843 3706 907 3756 α’ταν
929 3723 957 3755 τε
979 3700 1027 3755 οὖν
1047 3706 1072 3752 oi
1093 3706 1172 3752 luur-

688 3776 816 3839 τλοῠντες,
837 3772 898 3825 et⁰
882 3793 947 3824 οταν
965 3791 992 3822 τε
1011 3767 1045 3820 αά
1064 3789 1086 3822 κ.
1106 3788 1130 3822 τ,
1148 3769 1171 3819 λ.

688 3843 764 3896 Unde
796 3843 990 3908 explicationem
1024 3837 1101 3887 lrahet
1123 3836 1173 3887 du·

690 3914 809 3977 plexu,
834 3911 868 3961 de
895 3922 989 3972 quov
1008 3905 1116 3955 Klotz.
1138 3903 1173 3956 ad

691 3981 783 4031 Devar
810 3979 869 4030 Vol
892 3975 921 4026 ll.
946 3990 972 4037 p
997 3971 1048 4024 739
1074 3988 1113 4036 sq.
1146 3976 1174 4024 et
