2604 4620
443 227 491 273 AD
515 225 730 276 SYMPOSIUM·
999 231 1087 281 Lxxl

79 379 172 445 etiam
192 375 478 465 improbabilitatis,
508 378 567 444 etsi
594 401 614 443 a
633 379 741 445 multis
758 380 965 466 disputatum
983 383 1087 469 esst),

78 466 184 529 tamen
209 463 271 528 hoc
296 462 367 528 loco
395 462 828 552 commemorassemus
856 488 920 537 non
941 489 1006 551 quo
1027 488 1087 537 nos

76 572 145 614 rem
163 547 299 613 multum
319 547 528 635 disceptatam
558 548 600 612 ad
620 548 776 633 liquidum
796 551 973 637 perducere
992 566 1087 638 posse

78 634 304 710 existimemus,
327 632 384 697 sed
404 642 603 697 utnostram
624 631 664 696 de
684 656 723 699 ea
738 636 928 703 sententiam
948 659 989 702 ne
1010 659 1086 703 oon·

78 719 159 784 salto
179 718 346 789 reticuisse
360 716 536 783 videamur.
558 715 606 782 Ut
619 716 718 804 igitur
733 719 811 802 quid
823 720 871 784 rei
887 721 929 786 sit
942 731 1088 789 accurate
1192 742 1197 747 ·

77 813 295 890 cognoscatur,
316 811 390 867 ante
412 803 517 866 omnia
538 824 619 884 quae
640 801 807 888 utriusque
830 802 993 890 Symposii
1006 808 1088 873 ratio
1146 857 1151 872 .

79 887 131 966 sit,
153 887 294 958 breviter
307 886 512 951 indicandum
527 886 663 953 videtur.
684 885 770 952 Nam
784 901 953 974 perspecto
968 890 1089 957 utrius·

78 995 141 1123 pue
164 972 269 1059 operis
284 970 413 1038 oonsilio
428 994 561 1037 caussae
576 971 770 1039 diversitatis
790 974 824 1039 in
844 997 881 1040 ao
897 976 1089 1063 conspicuae

91 1057 203 1123 acilius
219 1079 295 1122 sane
309 1056 511 1143 detegentur,
532 1056 713 1141 certiusque
729 1057 791 1123 erit
804 1058 967 1138 iudicium,
983 1071 1090 1127 utrum

78 1141 285 1228 malignitatis
319 1140 486 1207 cuiusdam
512 1152 546 1207 et
570 1142 712 1208 invidiae
737 1143 874 1228 vestigia
900 1157 1089 1231 appareant,

78 1249 142 1311 qua
155 1225 345 1293 nobilissimi
362 1220 504 1295 Socratis
516 1226 665 1313 discipuli
678 1227 894 1315 flagraverint,
916 1253 957 1293 an
971 1229 1092 1295 frustra

79 1312 120 1377 de
151 1310 204 1377 iia
224 1311 265 1377 sit
298 1312 498 1378 somniatum.
540 1310 605 1378 Est
635 1323 742 1379 autem
769 1323 876 1379 nostro
903 1310 1020 1378 iudicio
1049 1314 1118 1381 de'
1157 1371 1167 1389 .,

79 1396 244 1482 utriusque
266 1397 371 1481 operis
393 1407 588 1483 argumento>
603 1408 634 1462 et
655 1397 784 1465 consilio
799 1398 852 1463 'sio
875 1398 1089 1467 statuendum.

79 1480 266 1567 Xenophon
295 1479 461 1546 Socratem
493 1481 586 1548 nobis
613 1481 755 1549 exhibuit
782 1484 894 1562 talem,
927 1482 1030 1568 qualis
1056 1482 1092 1547 in

79 1567 152 1650 ipsa
172 1565 240 1631 vita
261 1565 347 1630 etin
367 1565 571 1633 familiarium
592 1577 687 1650 atque
709 1568 913 1633 convivarum
932 1567 1093 1639 hilaritate

80 1649 179 1714 luisse
200 1648 373 1727 videretur,
402 1650 515 1714 induxi
531 1673 594 1734 que
616 1674 689 1716 eum
709 1652 749 1717 de
770 1675 877 1717 amore
898 1675 937 1717 ea
957 1648 1092 1747 loquen-

81 1744 155 1811 tem,
177 1755 260 1817 quae
281 1756 394 1798 revera
413 1734 476 1820 ipsi
497 1736 693 1821 patuissent
699 1761 709 1812 3
731 1735 824 1805 Plato
845 1746 952 1801 autem
972 1736 1091 1802 amoris

81 1817 262 1904 philosophi
282 1820 510 1904 praestantiam
531 1843 569 1885 ac
595 1821 784 1906 dignitatem
811 1820 1014 1888 adumbravit
1043 1831 1092 1885 at-

81 1923 144 1987 que
165 1903 354 1968 monstravit
373 1904 470 1983 viam,
493 1927 558 1989 qua
576 1905 618 1970 ad
636 1906 722 1971 illam
737 1905 971 1992 perveniretur,
994 1926 1094 1990 caque

82 1989 116 2052 in
135 2009 171 2052 re
196 1984 337 2052 Socratis
359 1991 505 2075 exemplo
525 2013 604 2057 usus
623 2001 674 2056 est
695 1991 752 2069 sio,
773 2002 811 2056 ut
831 1990 933 2075 ipsius
954 1990 1094 2076 imagine

82 2071 184 2138 virtus
210 2071 346 2146 hominis
373 2074 480 2140 divine
501 2098 633 2161 prorsus
659 2074 794 2141 amantis
814 2076 948 2159 ideoque
970 2096 1094 2141 summa

83 2157 248 2242 sapientia,
275 2158 491 2225 moderatione
518 2182 556 2225 ac
584 2161 793 2247 temperantia
819 2159 922 2225 ornati
943 2178 1096 2246 expressa

10 2311 12 2317 ,
83 2252 274 2309 cerneretur.
314 2241 407 2324 Quae
435 2245 462 2309 si
487 2254 648 2323 tenemus,
681 2243 933 2331 Xenophontem
954 2244 1096 2329 prolecto

84 2326 179 2392 facile
210 2328 425 2415 intelligemus
455 2326 660 2415 Symposium
693 2353 785 2395 suum
816 2330 908 2395 aliter
939 2327 1096 2393 adornare

84 2411 235 2477 debuisse
256 2422 353 2496 atque
373 2412 551 2492 Platonem,
573 2416 756 2499 nullumque
778 2437 818 2479 ex
839 2414 898 2479 hac
914 2413 1097 2480 diversitate

84 2507 214 2563 mutuae
245 2497 385 2564 invidiae
417 2509 473 2564 aut
504 2499 741 2565 obtrectationis
773 2509 996 2586 argumentum
1028 2497 1098 2583 peti

85 2605 192 2669 possa,
203 2582 266 2647 nisi
277 2583 339 2649 alia
349 2584 418 2648 eius
428 2583 547 2649 indicia
555 2584 765 2671 reperiantur.
780 2581 918 2649 Accedit
926 2583 1001 2662 huo,
1009 2582 1099 2667 quod

85 2667 213 2750 utrique
228 2668 408 2733 convivium
422 2669 594 2753 quoddam,
617 2669 799 2757 praesentia
812 2667 956 2734 Socratis
971 2667 1099 2735 celeb're

40 2778 42 2789 .
87 2751 220 2827 factum,
243 2752 335 2818 alteri
352 2750 484 2833 Calliae,
507 2755 598 2820 alteri
612 2755 806 2841 Agathonis,
829 2777 978 2820 caussam
993 2764 1027 2820 et
1040 2775 1099 2839 op-

87 2836 318 2920 portunitatem
336 2838 495 2903 scribendi
512 2837 697 2924 praebuisse
715 2840 852 2918 videtur,
869 2839 997 2905 uthina
1018 2860 1099 2921 quo-

87 2942 151 3002 que
162 2920 371 2987 dissensionis
383 2924 521 2988 rationes
531 2925 619 2989 nullo
630 2924 758 3011 negotio
769 2935 913 3008 repetere
924 2925 1028 2989 liceat.
1042 2921 1100 2986 Vi-

32 3076 35 3085 ,
87 3005 220 3071 deamus
238 3006 349 3094 igitur,
372 3005 450 3090 quid
475 3007 601 3073 tandem
617 3008 668 3085 sit,
691 3008 775 3071 unde
790 3008 851 3072 viri
866 3007 950 3071 docti
965 3008 1102 3072 alterum

89 3086 296 3174 Symposium
318 3091 500 3176 oppositum
515 3114 585 3156 esse
604 3092 696 3159 alteri
710 3090 964 3155 coniectaverint.
986 3090 1102 3172 Itaque

88 3173 228 3260 primum
254 3176 397 3262 aiunt**)
427 3176 460 3240 in
487 3172 659 3262 Symposio
688 3175 832 3240 Platonis
860 3174 1008 3240 tibicinas
1038 3174 1102 3239 eie·

89 3269 168 3340 otas,
182 3261 270 3347 apud
286 3259 536 3347 Xenophontem
551 3271 661 3328 contra
676 3260 805 3325 easdem
819 3283 970 3325 unacum
986 3256 1103 3326 scurris

89 3388 292 3400 ”ouon—n*

122 3435 149 3496 *)
166 3436 200 3486 V.
219 3436 396 3487 Cornarius
413 3433 523 3485 Praefat.
545 3436 579 3484 ad
596 3434 755 3498 Interpretat.
774 3433 900 3497 Symposii
918 3435 983 3485 Plat.
1008 3441 1034 3483 et
1050 3436 1104 3487 Xe·

172 3504 253 3569 noph.
272 3520 297 3568 p.
318 3509 349 3554 13
368 3519 421 3568 sqq.
438 3505 561 3566 Menag.
574 3502 606 3552 ad
618 3503 694 3565 Diog.
712 3504 742 3553 L.
760 3501 795 3550 II.
816 3505 854 3552 57.
873 3500 921 3550 ΙΠ.
935 3508 975 3553 34.
993 3504 1104 3555 Murot.

171 3573 247 3622 Varr.
264 3574 347 3622 Leott.
364 3573 398 3622 V.
419 3576 457 3620 14.
480 3571 569 3620 Voss.
586 3569 653 3622 Hist.
672 3569 715 3620 Gr.
734 3571 754 3618 I.
773 3585 798 3634 p.
817 3577 857 3621 24.
888 3570 1106 3631 Hindenburg.

174 3641 365 3690 Animadversa.
384 3640 411 3688 in
421 3640 488 3688 Xen.
499 3638 579 3688 Mem.
591 3638 640 3692 III·
655 3645 678 3689 6.
705 3639 914 3688 Tenncmann.
932 3638 1029 3688 Histor.
1041 3636 1106 3700 phil.

175 3709 206 3756 Τ.
225 3710 246 3758 Ι.
264 3725 290 3772 p.
309 3714 350 3757 24.
374 3714 400 3756 et
420 3707 533 3771 inprimis
551 3708 584 3755 A.
601 3708 718 3756 Bockh.
744 3708 786 3757 Dc
807 3707 943 3767 simultate,
966 3721 1031 3769 quae
1047 3705 1105 3753 Pla-

176 3777 232 3824 toni
254 3790 313 3825 cum
329 3775 506 3840 Xenophonte
528 3775 698 3826 intercessisse
720 3775 806 3826 lortur.
840 3775 953 3825 Berolin.
979 3778 1052 3824 1811.
1082 3777 1106 3818 4.

177 3841 207 3891 C.
229 3843 278 3892 nr.
300 3842 466 3894 Hermann.
492 3842 588 3892 Indice.
614 3844 696 3894 Loctt.
719 3843 841 3893 Academ.
862 3842 1036 3903 Marburgcns.
1062 3852 1107 3900 per

179 3917 299 4023 {prestre
310 3913 443 3963 hibernum
453 3926 510 3963 ann.
522 3916 696 3961 1834-1835.
712 3912 892 3961 habendarum.
903 3911 985 3959 Marb.
999 3921 1031 3956 ex
1041 3903 1106 3955 oltic.

215 3978 342 4028 wertiana.

124 4042 165 4106 **)
183 4043 300 4096 Athen.
318 4048 364 4098 XI.
384 4065 407 4113 p.
428 4055 482 4101 505.
510 4050 539 4099 Ε.
558 4047 730 4100 Cornarias
747 4048 765 4096 l.
784 4064 804 4094 r.
827 4051 863 4095 lt.
