2604 4620
381 233 384 237 ¹
494 270 541 317 sn
565 268 778 343 srueosrnu.
1069 270 1142 317 xav

137 424 285 495 nionihus
349 424 411 489 tius
432 421 609 498 haererent,
635 420 730 505 quam
754 422 917 488 scientiam
939 421 1064 489 nomine
1085 446 1142 494 auo

138 512 267 597 dignam
288 509 302 595 (
321 509 476 590 πιστήμην)
499 506 697 593 attingerent,
718 506 803 572 idem
824 507 938 572 accidit
956 507 1050 573 etiam
1064 507 1142 573 Ari-
1229 518 1231 522 ’

140 595 293 681 stophani.
318 592 423 674 Quem
436 590 528 656 Plato
541 590 617 655 item
631 590 813 657 informavit
828 592 931 670 talem,
954 603 1000 668 ut,
1021 592 1144 657 etiamsi

138 681 287 758 urbanus,
316 677 452 764 lepidus,
482 676 616 759 denique
643 675 766 740 facetus
793 676 834 740 sit
854 677 994 759 adeoque
1016 677 1143 764 elegan-

139 765 259 831 tissimo
280 773 388 828 utatur
410 782 564 838 sermone,
586 759 711 843 qualem
731 761 766 825 in
786 760 853 825 eius
874 761 989 826 fabulis
1008 783 1144 849 regnare

136 851 294 925 novimus,
317 857 422 910 tamen
444 856 475 911 et
493 845 528 909 in
549 844 722 910 dialecticis
744 845 918 911 identidem
931 846 1056 911 labatur
1069 868 1144 933 gra-

138 935 211 1000 vius
232 955 336 1016 neque
357 931 399 995 ad
421 930 571 996 scientiae
592 929 656 994 vim
678 953 715 994 aa
736 929 960 995 sublimitatem
974 931 1146 996 ullomodo

139 1029 299 1104 assurgat.
325 1014 484 1081 Nimirum
505 1014 675 1079 dicendum
695 1015 748 1079 hic
770 1024 819 1079 est
840 1016 926 1098 quod
947 1016 1039 1083 nobis
1060 1039 1146 1081 nunc
1234 1012 1239 1019 ’

138 1104 264 1168 videtur
284 1103 377 1189 longe
399 1098 668 1166 verisimillimum.
696 1098 828 1166 Induxit
849 1098 933 1164 e⁰nim
953 1099 1045 1166 Plato
1068 1101 1145 1165 Ari-

139 1188 324 1273 stophanem
350 1208 412 1269 non
440 1195 571 1260 tantum,
598 1194 634 1246 nt
659 1183 790 1249 haberet
814 1184 870 1267 qui
893 1184 932 1248 de
953 1186 1067 1249 amoris
1088 1209 1146 1250 na·

140 1284 211 1342 tura
231 1272 334 1337 facete
354 1269 556 1353 hilariterque
579 1280 761 1355 exponeret,
790 1270 847 1333 sed
874 1268 1030 1334 fecithoc
1052 1269 1147 1335 etiam

138 1379 176 1422 eo
186 1355 327 1434 consilio,
342 1366 379 1419 ut
390 1355 502 1420 leniter
513 1364 607 1501 atqbue
617 1353 737 1419 urbane
747 1353 897 1419 iniuriam
907 1353 983 1418 olim
992 1355 1146 1441 magistro

139 1464 159 1506 a
180 1441 299 1506 comieo
320 1440 353 1504 in
366 1439 509 1504 Nubium
522 1439 554 1501 fa
576 1439 631 1502 ula
643 1438 761 1503 illatam
774 1440 990 1504 ulcisceretur.
1013 1439 1066 1505 De
1083 1463 1148 1524 qua

136 1549 171 1591 re
192 1525 341 1591 nonnulla
365 1525 442 1589 scite
469 1523 617 1607 exposuit
637 1521 791 1587 Ferdin.
814 1523 1083 1589 Delbrsrckius
1111 1525 1146 1589 in

139 1610 399 1675 commentatione
423 1607 479 1671 De
536 1606 705 1683 artibus,
731 1629 827 1690 quas
853 1608 1147 1693 Aristophanes
1259 1626 1262 1635 ·

140 1719 159 1758 a
195 1704 234 1758 at
253 1693 292 1757 in
312 1629 602 1774 Platonisbym
634 1691 734 1767 osio,
757 1713 821 1775 qua
841 1693 1090 1776 praelectionum
1108 1694 1143 1757 in

141 1717 362 1844 liniversitate
381 1774 557 1839 Fridericia
624 1774 930 1840 ilhelmia·Rheuana
951 1794 1147 1862 permenses

142 1863 280 1928 aestivos
291 1884 319 1926 a.
332 1861 423 1927 1839.
435 1857 654 1924 habendarum
664 1859 760 1924 indici
771 1858 932 1946 praefatus
944 1871 1003 1925 est.
1017 1860 1083 1942 Qui
1130 1886 1147 1927 e
1179 1920 1181 1924 a

140 1947 213 2013 falsi
242 1945 370 2011 omnino
398 1943 545 2009 videntur
568 1943 687 2009 iudicio
713 1967 770 2009 suo
791 1944 851 2009 viri
871 1945 966 2023 docti,
994 1947 1050 2030 qui
1070 1885 1147 2011 lilii-

142 2042 249 2098 tonem
264 2040 456 2096 censuerunt
470 2039 584 2114 poetae
604 2028 723 2093 comico
739 2029 961 2115 indignitatem
973 2031 1070 2109 illam,
1084 2052 1148 2114 qua

141 2117 216 2182 olim
245 2114 408 2181 Socratem
435 2115 473 2179 in
500 2112 643 2179 Nubium
668 2111 777 2177 fabula
802 2124 1005 2194 tractaverat,
1037 2126 1149 2202 postea

142 2200 380 2278 condonavisse,
406 2210 443 2264 ut
463 2198 560 2263 etiam
580 2221 653 2263 cum
673 2220 711 2262 eo
731 2199 838 2264 nescio
860 2221 955 2283 quam
976 2200 1149 2267 amicitiam

144 2298 177 2351 et
196 2285 440 2353 familiaritatem
462 2283 661 2348 contraxerit.
686 2281 782 2363 Quod
804 2307 840 2348 eo
855 2294 904 2348 est
917 2283 1147 2364 incredibilius,
1252 2305 1258 2320 ⁴

164 2395 205 2437 uo
233 2369 376 2439 acerbius
400 2369 435 2433 in
454 2369 488 2432 A
529 2368 614 2454 logia
635 2365 775 2432 Socratis
800 2391 832 2453 p.
856 2370 905 2432 19.
930 2368 968 2433 C.
991 2378 1022 2433 et
1042 2392 1074 2453 p.
1096 2373 1148 2435 21.

142 2394 182 2522 de
203 2454 427 2540 Aristophanis
448 2391 613 2518 oaliimniis
638 2462 829 2536 conquestus
857 2463 913 2517 est
951 2451 1041 2533 Quid
1062 2454 1149 2518 aliud

142 2542 227 2607 enim
247 2540 301 2605 illa
322 2537 420 2613 verba
440 2537 612 2616 continent,
634 2537 695 2601 nisi
716 2548 861 2622 apertam
872 2537 1148 2623 reprehensionem

143 2642 175 2691 et
196 2625 272 2691 casti
296 2625 433 2689 ationem
453 2622 680 2708 Aristophanis
701 2632 833 2708 propter
853 2622 1001 2687 iniuriam
1022 2621 1149 2690 Socrati
1192 2679 1195 2688 .

143 2712 177 2776 in
197 2708 285 2777 Nubi
307 2732 346 2773 us
366 2708 506 2773 illatam?
527 2706 595 2791 Nec
615 2717 720 2772 tamen
734 2706 894 2771 hominem
906 2706 1148 2785 dicacissimum,

144 2796 235 2860 cuius
268 2793 450 2877 ceteroquin
481 2793 644 2880 ingenium
677 2802 772 2876 atque
800 2803 901 2857 artem
928 2792 1149 2872 admiraretur,

144 2891 252 2964 aperte
281 2878 413 2962 aggredi
444 2888 476 2940 et
508 2877 549 2939 ad
578 2877 776 2941 iracundiam
805 2876 959 2941 lacessere
989 2877 1149 2940 sustinuit

144 2961 247 3024 Immo
268 2961 361 3024 aliam
381 2958 451 3023 iniit
474 2959 608 3025 iniuriae
622 2959 830 3024 vindicandae
843 2960 929 3023 viam
944 2970 975 3024 et
988 2960 1149 3037 rationem,

145 3067 227 3128 quae
237 3066 334 3127 quum
347 3067 404 3107 sua
415 3042 525 3127 ipsius,
541 3054 609 3107 tum
619 3043 712 3108 etiam
724 3041 866 3108 Socratis
876 3064 1013 3127 persona
1024 3044 1150 3130 dignior

146 3129 317 3194 videretur.
332 3126 431 3191 Iussit
442 3128 559 3212 quippe
570 3149 642 3192 eum
652 3126 831 3213 Agathonis
842 3127 986 3192 convivio
996 3128 1149 3194 interesse

145 3213 255 3298 ibique
270 3236 307 3278 ea
321 3212 437 3288 dicere,
460 3211 575 3288 facere,
595 3210 705 3278 audire
717 3211 864 3293 denique,
879 3210 964 3276 unde
977 3234 1042 3277 nou
1055 3214 1149 3279 modo

146 3299 246 3364 intelli
270 3308 390 3374 eretur,
425 3305 577 3379 quantum
604 3296 674 3397 ipse
703 3293 827 3383 Socrati
854 3296 1027 3381 sapientiae
1054 3298 1149 3364 laude

147 3321 345 3461 concederet,
368 3404 479 3447 verum
499 3381 592 3446 etiam
605 3381 724 3466 hquido
739 3391 905 3466 appareret
923 3382 1031 3447 inania
1051 3384 1149 3451 fuisse
1179 3405 1180 3408 ’

147 3480 242 3554 atque
265 3466 431 3533 temeraria
452 3464 637 3532 dicteriain
655 3464 797 3531 Nubium
810 3465 918 3531 fabula
937 3468 970 3531 in
990 3467 1149 3534 hominem
1264 3496 1270 3509 ·

148 3553 414 3641 sapientissimum
435 3551 586 3629 coniecta.
616 3549 712 3631 Quod
734 3550 861 3634 quidem
883 3562 970 3616 tanto
992 3553 1149 3619 sollertius

147 3640 193 3703 ita
213 3636 414 3727 excogitavit,
438 3636 522 3718 qnod
543 3635 722 3724 Agathonis
744 3636 923 3701 convivium
945 3647 1026 3702 teste
1046 3639 1148 3703 Athe·

149 3745 228 3788 naeo
250 3723 379 3808 Olymp.
401 3719 480 3786 XO.
499 3723 542 3797 4.,
564 3721 624 3786 hoc
650 3732 698 3787 cst
724 3732 847 3808 septem
868 3722 936 3787 fere
958 3745 1055 3787 anuos
1076 3731 1151 3806 post

150 3817 234 3871 actas
254 3807 364 3874 Nubes
386 3816 418 3871 et
440 3805 664 3892 septemdecim
690 3829 789 3871 annos
810 3816 882 3871 ante
905 3803 1045 3871 Socratis
1065 3827 1149 3869 mor-

151 3900 225 3968 tem,
249 3891 440 3957 celebratum
460 3902 519 3969 est,
542 3891 680 3957 narratio
701 3902 809 3956 autem
821 3889 1007 3976 Apollodori
1022 3911 1085 3954 non
1104 3889 1150 3954 ita

151 3976 250 4041 multo
269 3987 341 4042 ante
363 3974 492 4065 Olymp.
507 3974 616 4044 XCV.
633 3979 662 4042 1.
683 3975 791 4043 habita
811 3975 951 4063 fingitur.
976 3971 1089 4058 Itaque
1110 3973 1150 4040 de
