2604 4620
184 240 247 303 158
562 236 818 303 nunonis,

186 411 216 480 δ’
248 407 300 488 ὅς,
336 419 449 499 πρίπει
481 439 516 495 με
546 411 634 500 ε’ίπερ
666 437 713 497 τρι
747 406 837 496 ἀλλον
870 407 958 498 λόγῳ
992 412 1127 500 ξυνῳὸᾦ
1163 412 1209 485 εἶ·

187 537 246 582 ναι
287 515 343 578 καὶ
381 515 429 595 τῷ
464 516 538 598 περὶ
573 509 747 599 ἁρμονίας.
805 517 934 599 Πρέπει
966 510 1049 601 μάρ,
1087 519 1153 607 ἔφη
1183 514 1207 593 ό

188 614 351 698 Σιμμίας.
405 602 511 691 Οὗτος
536 618 660 691 τοίνυν,
682 616 763 702 ἔφη,
789 616 844 680 σοὶ
871 610 911 679 οὐ
937 612 1100 698 ξυνῳδός,
1127 613 1203 683 ἀλλ’

188 710 272 800 ὅρα,
305 710 449 799 πότερον
475 719 561 799 αἱρεῖ
586 716 653 778 τῶν
678 711 802 796 λόγων,
839 710 902 794 τὴν
932 711 1087 801 μάθησιν
1121 714 1209 783 ἀνά-

188 835 309 900 μνησιν
344 811 451 892 εἶναι,
485 810 506 895 ἢ
540 809 655 903 ψυχὴν
692 810 880 899 ἀρμονίανς
933 811 1032 883 Πολὺ
1067 819 1209 902 μᾶλλον,
1256 888 1258 896 ,

169 912 273 1004 ίαν,
298 921 440 991 ἐκεῖνον,
467 903 491 979 ὦ
519 911 711 1002 Σώκρατες.
737 910 792 981 ins
817 917 878 999 μὲν
901 911 967 1001 γάρ
991 942 1052 1003 μοι
1076 925 1208 1003 μέμονεν

138 1022 165 1082 Ι)
193 1012 273 1081 ἀνευ
298 1010 495 1094 ἀποδείξεως
524 1012 607 1100 μετά
642 1010 769 1092 εἰκότος
800 1011 892 1092 τινὸς
923 1020 980 1084 καὶ
1005 1015 1208 1105 εὐπρεπείας,

194 1110 282 1182 ὅθεν
308 1117 364 1181 καὶ
389 1126 460 1192 τοῖς
483 1118 618 1191 πολλοῖς
644 1121 734 1180 δοκεῖ
758 1112 979 1200 ἀνθρώποις·
1006 1115 1067 1202 ἐγὼ
1089 1121 1123 1184 δὲ
1139 1127 1210 1194 τοῖς

194 1210 250 1282 θιά
277 1215 342 1280 τῶν
377 1214 512 1315 είκόὲων
542 1210 615 1312 roicJ
635 1213 819 1295 ἀποδείξεις
853 1221 1066 1303 ποιουμένοις
1098 1215 1212 1303 λόγοις

194 1310 328 1396 ξύνοιδα
355 1303 448 1383 οὖσιν
469 1304 538 1381 7αλα
559 1283 627 1395 όσι,
663 1318 718 1382 καὶ
755 1311 800 1381 ἀν
833 1340 883 1393 τις
915 1312 1039 1393 αὐτοὺς
1070 1312 1117 1402 μὴ
1146 1342 1213 1407 φυ-

195 1412 374 1496 λάττηται,
403 1405 438 1481 εὖ
464 1413 555 1501 μάλα
580 1414 781 1495 ἐξαπατῶσι,
806 1419 863 1482 καὶ
887 1423 922 1482 ὲν
946 1420 1129 1504 γεωμετρίᾳ
1155 1421 1214 1483 καὶ

198 1522 234 1581 εν
259 1526 331 1592 τοῖς
355 1509 471 1593 ἀλλοις
501 1512 639 1583 ἅπασιν.
676 1511 693 1582 ὁ
728 1518 762 1583 δὲ
793 1520 867 1602 περὶ
899 1518 960 1596 τῆς
993 1512 1213 1601 ἀναμνήσεως

199 1617 255 1682 καί
289 1611 472 1701 μαθήσεως
501 1613 600 1699 λόγος
630 1613 672 1682 δι’
702 1613 896 1694 ὑποθέσεως
930 1615 1025 1697 ἀξίας
1049 1614 1215 1697 ἀποδέξα-

200 1718 289 1782 σθαι
316 1714 454 1799 είρηται.
488 1712 621 1807 ὲρῥήθη
649 1714 713 1807 γάρ
739 1741 805 1785 που
831 1712 938 1796 οὕτως
960 1714 1056 1800 ἡμῶν
1081 1714 1167 1785 εἶναι
1191 1714 1213 1798 ἡ

202 1811 291 1907 ψυχὴ
317 1819 373 1883 καὶ
408 1821 487 1905 πρὶν
521 1824 566 1895 είς
600 1819 695 1902 σῶμα
729 1817 937 1908 ἀφικέσθαι,
970 1813 1074 1904 ὥςπερ
1110 1816 1217 1899 αὐτῆς

201 1920 291 1984 ἔστιν
315 1913 337 1998 ἡ
364 1914 461 1986 οὐσία
480 1922 599 2004 &occo
618 1914 680 1998 τὴν
698 1923 889 2004 ἐπωνυμίαν
907 1915 970 2000 τὴν
984 1920 1044 1986 τοῦ
1069 1913 1088 1984 ὃ
1114 1922 1216 1986 ἔστιν.

146 2030 174 2090 Ε
202 2013 262 2101 ἐγὼ
289 2020 322 2084 δὲ
350 2017 492 2100 ταύτην,
525 2014 569 2096 ὡς
602 2012 748 2104 ἐμαυτόν
781 2021 908 2097 πείθω,
940 2021 1062 2096 ἱκανῶς
1093 2043 1129 2085 τε
1160 2021 1217 2086 καὶ

273 2279 303 2329 C.
338 2280 396 2346 ἔφη
415 2283 554 2347 ἐκεῖνον,
577 2276 597 2334 ιδ
615 2285 667 2346 Σ,]
695 2285 773 2336 Hunc
793 2282 909 2335 ordinem
928 2289 1033 2336 tuentur
1052 2281 1130 2336 Bodl.
1148 2282 1218 2336 Tub.

205 2346 269 2399 Ven.
286 2347 349 2402 ΞΠ.
369 2351 441 2401 Vind.
466 2357 495 2403 Y.
516 2353 581 2408 zitt.
600 2355 670 2409 Vett.
691 2353 765 2405 editt.
785 2354 849 2419 ίφη,
869 2345 890 2402 ιθ
907 2353 950 2415 Σ.,
969 2354 1073 2402 ἐκεῖνον.

275 2416 306 2485 1).
341 2418 473 2486 ἐρρήθη
496 2420 555 2487 γάρ
578 2426 655 2482 που]
693 2422 797 2486 Aliquot
821 2421 877 2471 iibri
903 2436 962 2472 cuin
987 2421 1063 2474 Bodi.
1087 2435 1153 2473 corr.
1179 2420 1221 2488 ἕρ-

205 2484 281 2552 dedo.
317 2486 449 2554 Perpetnn
468 2498 508 2542 est
526 2490 614 2541 iturum
639 2490 780 2541 formarum
806 2490 972 2554 permutatio.
998 2505 1022 2543 v.
1047 2489 1164 2539 Lobecir.
1186 2487 1220 2538 sd

205 2553 343 2622 Piirynich.
365 2575 391 2622 p.
408 2557 467 2610 447.
503 2558 607 2609 Plutoni
627 2560 720 2625 ubique
739 2555 840 2624 ἐρρήθη
864 2557 1028 2610 tribuendum
1046 2572 1104 2609 esse
1122 2555 1220 2621 proba-

208 2621 293 2673 biiiter
309 2623 425 2689 disputat
444 2625 592 2679 Schneider.
612 2627 644 2678 ud
662 2628 739 2692 Reip.
760 2628 790 2679 V.
809 2643 834 2690 p.
852 2623 914 2680 450.
934 2628 966 2681 Α.

278 2690 310 2743 Ε.
346 2694 386 2741 Τί
402 2694 447 2757 dt,
467 2688 483 2756 ἦ
502 2693 527 2744 d‘
548 2693 595 2757 ὅς,
614 2723 647 2732 -
665 2695 755 2759 εῇίες
774 2696 868 2745 δοκεῖ
890 2695 957 2762 σοι]
984 2694 1024 2747 its
1046 2693 1109 2745 haec
1130 2691 1221 2742 distin-

210 2757 247 2808 xit
268 2757 413 2813 Bekkerns.
448 2763 532 2827 Vulgo
551 2768 611 2827 post
629 2763 687 2827 τῇδε
706 2764 798 2816 deerat
814 2763 1001 2829 interpunctio,
1024 2761 1091 2813 unde
1115 2759 1221 2823 sactum,

244 2925 459 2996 ἕδῑμέενᾶρ
482 2931 689 2997 imm-i
741 2931 774 2983 E·
814 2932 893 2986 Quod
929 2949 992 2986 vero
1025 2928 1162 2996 εὐπρέπεια
1191 2927 1224 2978 de

204 2992 272 3048 ‘Ode
302 3013 338 3052 so.
376 3013 456 3062 quum
492 2999 542 3051 dixi
577 3002 690 3052 snimnm
741 2996 1225 3068 probabilitateetvcrieimi-

210 3063 342 3118 hermonis
362 3068 495 3122 contineri.
743 3067 908 3121 titudinis
955 3070 1072 3136 specie
1122 3067 1225 3127 dicitur,

244 3135 325 3203 μετά
347 3135 478 3195 εἰκότος
501 3157 522 3190 κ,
542 3157 564 3187 τ.
584 3136 618 3204 L]
642 3138 690 3188 iia
743 3137 837 3189 eodem
868 3138 947 3190 modo
973 3134 1091 3200 Titucyd.
1115 3133 1160 3182 lll.
1183 3132 1225 3186 38.

211 3211 246 3254 ut
272 3220 432 3269 sequerer
456 3207 688 3258 verisimilitu·
742 3205 773 3257 τὸ
791 3205 974 3274 εὗπρεπίςτοῦ
991 3198 1227 3270 λόγουεκποιήσας

213 3271 336 3333 dinem,
367 3271 389 3324 Ιι.
417 3290 439 3325 c.
461 3275 587 3326 rationem
614 3291 629 3325 s
655 3275 691 3325 si·
742 3273 868 3341 παράγειν
897 3271 1054 3337 πειράσεται.
1089 3265 1154 3315 lbid.
1181 3267 1226 3317 ΙΙΙ.

213 3339 355 3390 militudine
390 3339 515 3404 ductam,
551 3350 583 3394 ct
618 3359 693 3407 spe·
723 3343 785 3395 .11.
810 3341 948 3406 εὐπρέπεια
971 3343 1020 3388 τοῦ
1044 3331 1134 3397 λόγου,
1171 3335 1227 3384 niis

215 3406 317 3457 ciemz
348 3423 408 3472 ego
430 3424 506 3462 vero
530 3411 606 3462 novi
631 3410 694 3466 τοὺς
744 3410 817 3460 huius
851 3405 973 3472 loquendi
1009 3416 1071 3452 usus
1107 3404 1227 3465 exempto

216 3472 258 3524 διὰ
285 3480 334 3524 τῶν
357 3475 527 3537 rinocoruris·
553 3478 695 3534 ἀποδείξεις
744 3476 885 3529 ΗεΙάἱῠε
915 3474 948 3525 ad
975 3466 1106 3522 Plutarch.
1130 3468 1229 3520 Timol.

216 3545 386 3610 ποιουμένους
407 3545 518 3613 λόγους,
543 3548 695 3612 disputa·
745 3544 791 3598 lx.
822 3561 847 3608 p·
875 3541 935 3596 360.
971 3536 1112 3616 congessit.
1163 3537 1228 3587 Dein

217 3612 348 3676 tiones,
383 3615 415 3664 in
450 3616 569 3680 quibus
604 3614 695 3665 odiri·
744 3603 1228 3673 diotdrestiaiiax.TumGloss.

218 3680 334 3731 bentur
386 3683 697 3735 demonstrationes
745 3671 1229 3748 p.22.‹ttotoiv·uetdiuobiv.

218 3764 234 3800 s
273 3750 518 3803 verisimilibus
559 3752 698 3811 ductae,
748 3740 1230 3800 Ruhnken.coti.}lemstcrhus.

219 3833 295 3870 csse
318 3833 433 3884 vonas,
461 3826 511 3882 et,
536 3819 602 3869 nisi
627 3817 698 3881 quis
749 3815 782 3868 sd
816 3813 922 3865 Lucisn.
960 3811 1031 3894 pisi.
1070 3808 1230 3892 Mort‘38.

220 3887 285 3938 sibi
308 3888 346 3938 ab
371 3888 411 3938 iis
436 3891 569 3946 cavent,
595 3884 699 3935 facile
748 3880 887 3940 &deoida
933 3897 1029 3932 ουσιν
1072 3877 1231 3941 ἀλαζοσι,

219 3956 250 4005 in
277 3955 429 4007 fraudem
454 3953 624 4005 inducero.
657 3950 699 4001 De
747 3949 855 4070 Krobe
878 3948 952 4000 scio
979 3963 1052 4001 esse
1077 3947 1231 3998 sslisoss.

221 4029 270 4073 τῶν
287 4022 392 4074 εἰκότων
408 4036 456 4073 usu
480 4020 598 4083 disputat
613 4014 697 4082 philo-
772 4032 814 4069 sm
830 4018 972 4068 συνωδίνει
981 4018 1034 4068 τινί
1046 4035 1082 4080 τι,
1102 4011 1232 4078 aliquid

220 4090 316 4156 sophus
336 4087 446 4142 Pbsedr.
464 4103 490 4153 p.
508 4084 566 4139 353.
588 4082 618 4134 Β.
639 4082 697 4138 ³5⁵.
749 4083 790 4138 ds
807 4086 922 4151 aliquo
941 4088 1046 4149 scire,
1070 4084 1167 4136 rariore
1184 4095 1234 4137 nm
