2604 4620
211 268 276 332 rso
594 257 851 345 sunnon-rs
918 270 921 275 >

214 440 364 522 ξασθαι,
396 431 418 518 ἢ
445 437 575 520 planisio
600 429 666 525 ὅπᾳ
696 436 758 518 ἔχει
784 424 807 512 ai
831 427 956 517 εὑρεῖν,
990 423 1033 512 ἤ,
1068 438 1097 499 el
1124 434 1238 505 ratim

194 535 401 615 sititianum,
435 530 496 602 τὸν
521 536 603 620 γοῦν
625 535 796 618 βέλτιστον
827 533 895 597 τῶν
920 528 1154 617 ἀνθρωπίνων
1179 533 1239 604 λό.

161 647 188 708 Ι)
217 662 285 726 μων
308 632 460 723 λαβόντα
487 638 543 701 καὶ
569 629 907 715 ὃυςεξελεγκτότατον,
932 634 985 697 ἐπὶ
1002 629 1125 700 τούτου
1139 632 1239 722 ὀχού-

216 761 338 826 μενον,
370 732 475 822 ὥςπερ
510 738 563 802 ίπὶ
596 737 740 819 σχεδίας,
773 727 1008 799 κινδυνεύοντα
1040 736 1238 804 διαπλεῦσαι

217 834 280 906 τὸν
305 841 398 924 βίον,
424 843 452 903 ei
477 831 523 921 μή
545 860 595 913 τις
622 831 759 900 δύναιτο
785 829 1034 923 ἀσφαλέστερον
1060 837 1117 900 καὶ
1141 832 1237 903 σίκιν-

288 1027 319 1077 Ῑ).
357 1023 527 1091 imaro<
553 1024 569 1090 εἲ
593 1024 697 1094 io'ynu
723 1026 836 1092 θείου]
861 1027 926 1080 Tur.
944 1027 959 1092 'i
980 1043 1033 1080 om.
1059 1028 1092 1080 de
1109 1029 1235 1082 sententia

218 1093 373 1148 Heindortii.
392 1096 469 1146 male.
963 1126 965 1131 ·

218 1261 320 1312 δίον-
337 1259 372 1328 μὴ
392 1263 622 1331 προοφίοοᾳσθοι,
641 1258 702 1323 πρὶν
751 1268 778 1312 et
799 1262 966 1324 iudicaverit,
991 1262 1126 1327 copiosius
1152 1277 1236 1328 expo·

160 1383 162 1386 ⁴
218 1329 253 1382 tr
275 1332 301 1380 iv
324 1329 392 1394 αὐτῇ
415 1330 463 1389 τὰς
493 1329 623 1400 διαφορὰς
646 1330 702 1392 *lii
752 1331 849 1382 suimus
877 1332 902 1383 in
918 1331 1064 1381 Comment.
1087 1331 1126 1380 De
1144 1330 1234 1392 gradi-

219 1395 312 1457 πόσας.
335 1425 370 1436 —-
405 1397 573 1463 ἀπειπεῖν,
597 1397 699 1446 ἅπαν·
751 1399 790 1447 bis
819 1401 941 1449 virtutum
969 1396 1111 1448 secundum
1142 1397 1235 1448 Plato-

220 1468 293 1529 δᾶν,
325 1465 550 1534 ἀπαγορεύειν
583 1467 701 1516 dicuutur
752 1483 810 1518 nem
826 1469 933 1533 Lipsiae
949 1464 1022 1518 tstt.
1035 1463 1233 1515 uomiueSelm—

219 1535 252 1598 ii,
282 1534 326 1598 qui
348 1533 527 1600 defatigantur
555 1549 637 1598 eoque
659 1549 701 1584 re·
752 1537 793 1587 iae
816 1536 966 1587 Thomanae
988 1535 1057 1585 edita
1080 1548 1106 1600 p.
1126 1531 1157 1586 19
1176 1549 1234 1597 sqq.

222 1602 356 1668 dignatur,
384 1608 413 1652 ut
430 1609 524 1668 negent
542 1619 571 1653 se
589 1602 701 1666 amplius
752 1603 892 1655 Enimvero
920 1608 949 1653 ut
983 1602 1072 1668 paucis
1107 1599 1233 1662 dicamus,

221 1670 290 1720 ferre
308 1670 401 1735 aliquid
427 1686 519 1735 posse;
542 1671 584 1735 qui
607 1670 702 1734 despe-
754 1673 942 1737 quadratam,
961 1669 1131 1736 praeter-veri
1149 1669 1233 1719 soien-

221 1745 280 1789 rant
301 1745 346 1789 aut
368 1737 485 1790 diffidunt
506 1754 535 1790 ee
553 1737 645 1802 aliquid
663 1737 703 1788 t‘a·
752 1743 825 1803 tiam,
844 1739 996 1806 ἐπιστήμην,
1011 1739 1089 1790 certis
1105 1744 1130 1788 et
1146 1738 1235 1802 expio-

157 1852 159 1856 ,
221 1822 280 1859 cere
299 1822 386 1873 posse.
754 1811 816 1860 ratis
828 1807 1006 1875 philosophiae
1022 1807 1164 1858 rationibus
1175 1820 1236 1857 eou-

753 1879 897 1940 iirmatam‚
917 1893 984 1940 quae
1002 1875 1058 1926 unis
1076 1873 1237 1939 sapientibus

754 1952 825 1998 esset
850 1946 969 2011 propria,
994 1943 1158 2010 philosophus
1182 1946 1237 1991 sta-

754 2016 803 2067 tuit
817 2016 1030 2066 etiamreotam
1048 2011 1236 2077 opinionem

755 2081 850 2150 (δόξαν
886 2080 997 2149 ὀρθήν),
1035 2097 1101 2146 qnae
1136 2078 1237 2128 etiarnsi

756 2167 813 2206 nou,
827 2151 894 2203 illius
908 2150 1076 2201 constantiam
1091 2155 1118 2199 et
1132 2148 1238 2198 firmita-

256 1910 461 1962 διαπλεῦσαι
509 1909 568 1960 τὸν
608 1910 702 1976 βίον]

155 2034 161 2043 ι
221 1980 366 2030 Dietionem
391 1979 544 2029 διαπλεῦσαι
567 1977 614 2028 τὸν
637 1980 703 2043 βίον,

221 2048 254 2096 ab
274 2048 378 2112 optimis
402 2049 547 2112 quibusque
570 2046 704 2111 scriptori-

222 2112 271 2164 bus
307 2114 513 2177 srequeutatem‚
547 2115 706 2164 illustrarunt

222 2187 326 2246 praeter
357 2184 422 2232 alios
445 2182 639 2246 Wesseling.
672 2181 705 2231 ad

222 2248 353 2299 Herodot,
383 2250 412 2302 v¹
438 2249 461 2303 6,
489 2257 515 2301 et
538 2249 645 2314 Toup·
672 2248 704 2300 ad
756 2226 807 2271 tem
826 2218 948 2282 baberet,
967 2222 1054 2267 tamen
1071 2217 1187 2281 proxime
1205 2212 1237 2264 ad

223 2315 301 2434 seq.
315 2318 336 2368 Ι·
356 2335 381 2438 '³1'
394 2317 597 2442 21⁰·30⁵⁵¹¹1³{¹“⁸‘
616 2318 705 2436 cqc.
756 2289 813 2406 iii
828 2282 1238 2416 iiiiii'liiil'iiig‘lllli

222 2399 258 2436 1'0
303 2401 384 2438 libell.
417 2428 422 2439 ,
474 2429 479 2439 ,
551 2402 633 2451 aque
676 2401 706 2435 ῃ.
806 2425 811 2437 .
843 2423 849 2437 1
1216 2414 1223 2428 ι

222 2453 707 2588 trainensem
756 2415 1237 2552 illato„litum‚tlt

223 2605 397 2652 reverens,
436 2599 589 2656 tanquam
622 2591 707 2641 ratis
758 2552 1237 2642 mitt,0bti⁰351021t¹1⁰¹¹i³¹11¹¹0ss

224 2658 255 2714 ip
279 2661 361 2710 masi
385 2662 563 2722 ‘immenso’
593 2664 709 2710 noma
759 2626 861 2680 aliunde
891 2625 1097 2689 proficisceretur
1121 2633 1236 2683 quamn

223 2724 355 2777 vehitur
373 2729 495 2782 oratio.
513 2727 556 2779 ubi
568 2743 592 2779 v.
610 2727 708 2779 Davi·
758 2687 1237 2824 flag-13¹5qnffljassquqntfflae(1¹:1¹0

760 2831 816 2898 quis
834 2833 964 2892 tamquam
984 2826 1080 2877 inscius
1097 2825 1130 2876 ad
1148 2837 1236 2874 verum

256 2893 310 2946 inl
336 2898 554 2966 βεβαιοτίρου
578 2896 706 2964 ίχοίμα-
755 2894 905 2962 rectumque
946 2895 1100 2949 deferretur.
1151 2892 1237 2946 Quam

223 2981 281 3021 τος
316 2963 332 3029 ἢ
369 2965 468 3032 λόγου
498 2967 616 3035 θείου]
654 2967 706 3018 ilio
755 2966 859 3034 quiden
889 2963 1022 3030 εὐδοξίαν,
1061 2962 1084 3018 ίι.
1113 2977 1137 3013 e.
1167 2965 1238 3011 recte

170 3057 172 3060 ’
224 3048 329 3100 quoque
352 3037 424 3088 iocus
453 3037 608 3103 interpretes
637 3037 705 3087 mul·
756 3034 878 3104 opinandi
912 3034 1071 3098 feliciterque
1108 3027 1238 3082 divinandi

222 3106 279 3157 tum
297 3107 407 3170 vexarit,
425 3105 579 3172 usquedum
591 3106 613 3158 ei
634 3105 703 3158 Car.
754 3107 922 3167 facultatem,
945 3105 1079 3170 praeclare
1103 3096 1239 3163 descripsit

223 3170 276 3225 Fr.
312 3174 490 3226 Hermannl
526 3174 642 3225 doctrina
679 3178 705 3224 et
754 3178 779 3227 iu
798 3175 911 3228 Menona
935 3172 1021 3240 p.·9l.
1039 3170 1071 3222 E·
1092 3196 1122 3207 -
1147 3166 1189 3218 96.
1207 3165 1238 3213 Ι).

224 3237 449 3300 ingeniumlucem
467 3242 510 3291 dio
528 3241 704 3293 desideratam
755 3260 812 3310 sqq,
831 3250 911 3308 etque
935 3243 1012 3292 clari,
1036 3234 1122 3289 verbis
1143 3229 1238 3308 ibidem

225 3304 318 3356 attulit.
358 3306 384 3357 ls
407 3309 475 3357 enim
507 3309 532 3357 in
556 3309 703 3359 Commeut.
755 3329 781 3376 p.
805 3312 864 3364 tou.
882 3311 914 3360 Β.
931 3311 995 3371 θείᾳ
1009 3306 1090 3372 μοίρᾳ
1113 3298 1237 3350 attribui·

224 3369 265 3418 De
282 3372 412 3434 magistris
426 3374 544 3423 Socratis
561 3391 586 3440 p.
603 3375 645 3427 37.
664 3376 705 3425 De
755 3380 865 3430 Rectam
894 3364 1041 3440 opinionem
1067 3380 1131 3417 vero
1159 3364 1237 3414 etiam

214 3434 338 3487 Monens
366 3456 392 3503 p.
423 3440 489 3490 Vlll.
520 3447 547 3490 et
573 3443 598 3490 iu
624 3443 704 3496 libror
756 3447 816 3496 nlibi
839 3441 991 3503 illustravit,
1020 3435 1100 3486 veluti
1124 3432 1236 3495 Republ.

225 3503 428 3570 Abbaudlungeu
455 3522 480 3557 u.
513 3508 636 3574 Beitr'aige
657 3525 706 3568 ¹zur
757 3514 786 3563 V.
812 3531 838 3579 p.
863 3509 922 3564 479Δ
947 3508 979 3558 Β.
1004 3504 1034 3554 C.
1053 3499 1113 3553 476.
1132 3500 1162 3547 D·
1183 3514 1238 3562 sqq.

225 3573 303 3623 klass.
324 3572 511 3638 Plrilol.p.82.
531 3577 597 3627 scite
614 3578 706 3629 obser·
756 3582 845 3646 Symp.
881 3575 940 3631 202.
974 3575 1006 3623 A.
1043 3583 1099 3633 sqq.
1130 3566 1237 3619 Tlreaet.

225 3640 294 3693 ravit
309 3639 473 3706 θεῖονλόμον
485 3658 535 3693 nou
548 3648 705 3709 essentium,
756 3665 781 3714 p.
802 3648 859 3700 190.
882 3651 911 3696 Α.
931 3655 987 3705 sqq.
1023 3635 1115 3689 Pbileb
1151 3651 1176 3699 p.
1196 3633 1238 3688 37.

215 3723 305 3773 quam
322 3709 364 3772 qui
383 3708 467 3759 divino
486 3711 609 3761 beneficio
627 3719 705 3778 etqua
756 3725 788 3770 Α,
805 3715 864 3770 599,
883 3707 963 3775 Sopb.
979 3703 1066 3771 ptus
1080 3718 1138 3767 sqq.
1164 3702 1238 3755 Quo-

213 3777 289 3840 θείᾳ
310 3778 391 3844 μοίρᾳ
414 3776 557 3828 bominibus
581 3781 705 3846 obtingat.
756 3785 823 3836 eirca
842 3782 934 3834 θείους
952 3790 1012 3824 esse
1031 3778 1057 3823 et
1078 3773 1139 3840 θείᾳ
1156 3772 1238 3837 μοίρᾳ

224 3847 317 3911 Itaque
345 3845 494 3910 intelligitur
523 3844 587 3900 δόξα
619 3847 704 3915 ὀρθοί,
755 3849 852 3915 aliquid
874 3845 963 3896 facere
989 3839 1112 3892 iudicavit
1130 3837 1239 3890 subinde

222 3930 300 3980 quam
318 3915 455 3967 Platonem
480 3919 582 3965 constat
598 3915 634 3966 ita
657 3918 704 3968 tri-
755 3934 811 3980 eos,
828 3915 873 3979 qui
890 3910 1011 3975 singulari
1029 3908 1141 3975 quadam
1160 3922 1237 3971 prae·

223 3983 312 4036 baisse
334 3981 499 4045 mortalibus,
528 3987 559 4033 ut
581 3998 637 4034 eam
661 3990 704 4036 to·
754 3986 800 4039 diti
847 3979 942 4044 ingenii
986 3977 1111 4029 felicitate
1158 3976 1238 4026 veluti

218 4056 278 4104 tam
306 4068 321 4104 a
351 4052 414 4116 θείᾳ
448 4051 528 4115 μοίρᾳ
562 4058 703 4116 repeterat.
753 4065 834 4104 coeco
856 4047 969 4112 quodam
990 4043 1237 4110 mentisqanimique

223 4117 377 4184 Quodque
403 4119 504 4171 ratione
527 4119 563 4189 ita
580 4119 703 4172 statuerit
752 4119 871 4172 instinctu
907 4122 1002 4182 sponte
1038 4113 1181 4181 reperirent
1210 4115 1236 4160 et
