2604 4620
136 209 157 282 2
509 204 796 282 PRAEFATIO

135 398 223 456 mata
247 397 297 454 est
324 386 591 470 vehementerque
616 386 756 452 eiulavit.
790 386 876 452 Tum
901 411 977 453 vero
1004 386 1154 455 Socrates

136 473 264 621 placido
283 471 375 535 vultu
391 467 557 535 Critonem
577 470 707 535 intuens
728 472 865 556 rogavit,
888 483 924 536 ut
946 473 1062 557 aliquis
1084 497 1155 538 eam

160 578 267 622 omum
287 556 474 631 abduceret3
497 554 531 618 id
546 556 634 639 quod
651 554 798 620 fecerunt
813 554 957 621 Critonis
975 557 1154 641 pedisequi.

136 641 205 706 Nos
227 662 337 704 omnes
358 649 465 704 autem
486 662 524 704 eo
544 640 596 705 die
617 640 751 705 mirifice
771 641 876 706 affecti
890 664 1028 719 eramus,
1054 665 1155 725 quum

135 724 256 788 mixtus
271 723 402 807 quidam
417 723 547 788 tristitia
561 735 657 809 atque
672 725 792 825 gaudio
808 749 921 790 sensus
935 726 1058 790 animos
1078 749 1154 790 nos-

136 818 203 871 tros
224 818 336 892 captos
357 818 495 874 teneret:
517 810 614 874 modo
635 834 721 876 emm
736 821 807 875 tran
831 811 997 876 uillitatem
1010 809 1154 873 hilarita-

136 903 266 992 temque
289 889 434 958 Socratis
454 894 702 973 admirabamur,
724 907 762 960 ut
782 896 824 961 ob
838 895 1041 961 ‘visceremur
1059 916 1154 980 prae·

137 987 236 1043 sentrs
248 978 455 1053 calamitatis3
471 979 566 1042 modo
581 1002 676 1044 casus
747 979 846 1047 vitate
857 980 974 1046 devicti
984 979 1154 1044 instantem

140 1061 235 1125 amici
248 1060 410 1125 fortunam
425 1003 747 1147 deplorabamus'ffii‘¹

196 1142 348 1210 Socrates
373 1167 450 1210 vero
476 1144 605 1231 erigens
626 1168 659 1210 se
683 1145 719 1209 in
739 1144 856 1211 lectulo
881 1156 913 1210 et
932 1169 1007 1211 crus
1025 1147 1156 1221 fricans,

137 1229 226 1314 quod
244 1228 372 1295 vincula
391 1240 486 1294 antea
510 1229 787 1314 compressissent,
809 1252 905 1314 quam
924 1229 1007 1293 mira
1026 1240 1086 1306 est,
1105 1230 1157 1292 in-

138 1314 219 1397 quit,
234 1314 289 1378 illa
303 1313 496 1390 coniunctio,
512 1336 595 1397 quae
609 1313 694 1380 inter
708 1314 957 1399 voluptatem
972 1324 1070 1397 atque
1083 1313 1156 1377 do·

136 1397 255 1462 lorem
276 1397 455 1463 intercedit..
475 1397 562 1463 Nam
582 1420 683 1484 quum
704 1398 800 1481 simul
820 1408 853 1464 et
869 1419 937 1467 uua
957 1399 1071 1463 adesse
1092 1418 1158 1461 non

138 1483 271 1559 soleant,
299 1492 406 1546 tamen
429 1482 582 1548 alterutro
607 1483 741 1548 cedente
767 1483 904 1548 alterium
929 1482 1061 1547 alterius
1080 1504 1158 1546 con·

137 1565 228 1630 tinuo
252 1566 359 1631 locum
374 1577 518 1650 occupat.
547 1565 623 1632 Hoc
649 1568 676 1633 si
701 1567 981 1634 animadvertisset
993 1567 1158 1651 Aesopus,

137 1673 213 1716 eum
233 1651 330 1716 credo
343 1650 486 1716 fabulam
499 1651 600 1718 luisse
616 1653 880 1738 compositurum,
901 1674 983 1737 quae
996 1651 1085 1715 illam
1099 1650 1158 1714 do·

136 1733 265 1809 loriset
284 1735 461 1822 uoluptatis
481 1736 736 1803 vicissitudinem
756 1738 940 1813 illustraret.
974 1735 1060 1800 Tum
1081 1756 1159 1799 vero

140 1814 259 1898 Cebes,
280 1831 473 1908 opportune,
493 1821 609 1907 inquit,
630 1822 709 1887 mihi
726 1822 764 1900 in
782 1833 925 1888 mentem
939 1840 1072 1886 revocas
1087 1840 1158 1885 oar-

137 1904 242 1984 mina,
259 1926 347 2054 {aas
371 1906 405 1971 in
431 1928 560 1973 earcere
583 1907 749 2002 pepigisti.
781 1904 867 1972 Nam
886 1929 987 1992 quum
1006 1904 1071 1981 alii,
1091 1913 1160 1967 tum

139 2010 246 2074 nuper
292 2014 395 2056 venus
417 2002 523 2075 poeta,
545 2014 586 2055 ex
607 2014 659 2054 me
673 1992 914 2075 quaesiverunt,
935 1990 1016 2076 quid
1029 1987 1159 2053 tandem

140 2092 275 2134 caussae
297 2083 393 2147 esset,
419 2072 507 2153 quod
522 2082 568 2146 tu,
588 2073 645 2152 qui
663 2095 830 2153 nunquam
844 2086 939 2138 antea
953 2073 1097 2138 carmina
1112 2069 1161 2141 se-

140 2151 253 2228 cisses,
275 2162 419 2220 extremo
433 2153 519 2217 vitae
534 2159 678 2236 ternpore
693 2154 756 2216 illis
771 2157 1000 2237 componendis
1014 2156 1161 2221 dedisses

37 2278 40 2283 ·
139 2242 282 2319 operam.
307 2232 397 2315 Quid
416 2233 428 2297 i
452 2235 518 2299 itur
537 2234 597 2313 vis,
613 2245 650 2299 ut
669 2232 714 2298 illi
729 2236 962 2318 respondeam?
982 2236 1058 2332 Ego
1072 2259 1160 2313 vero,

139 2318 246 2402 inquit
261 2313 423 2395 Socrates,
461 2339 500 2382 oc
514 2338 579 2381 non
594 2340 632 2382 eo
646 2318 778 2383 consilio
791 2317 864 2395 feci,
879 2327 916 2381 ut
929 2317 1035 2382 Evem
1050 2339 1160 2382 aemu-

139 2402 191 2469 lus
211 2401 399 2479 existerem,
422 2402 480 2467 sed
500 2411 537 2465 ut
557 2401 700 2466 animum
719 2424 826 2467 meum
850 2401 1005 2487 religione
1021 2402 1161 2486 quadarn

141 2487 350 2554 exsolverem.
372 2485 458 2550 Nam
472 2507 573 2569 quum
589 2485 753 2569 superiore
767 2485 853 2550 vitae
868 2496 1021 2571 tempore,
1037 2496 1106 2551 tum
1120 2508 1162 2551 ex

143 2572 262 2656 quoin
282 2591 410 2636 carcere
435 2569 488 2635 hio
509 2577 658 2634 versatus
679 2593 767 2648 sum,
795 2592 892 2655 saepe
912 2570 991 2635 mihi
1009 2572 1163 2657 apparuit

26 2719 31 2724 .
144 2655 321 2732 somnium,
336 2654 424 2739 quod
436 2677 488 2718 me
501 2651 628 2718 iuberet
641 2654 773 2720 facere
787 2665 827 2720 et
842 2665 1019 2722 tractare
1033 2656 1161 2720 musi-

143 2760 235 2805 eam.
257 2738 328 2802 Iam
347 2752 448 2822 quum
469 2759 528 2823 per
543 2747 643 2802 totam
657 2738 757 2804 vitam
770 2737 1016 2825 philosophiam,
1039 2741 1162 2826 quippe

142 2843 225 2908 quae
252 2833 336 2888 esset
361 2821 487 2888 musica
511 2824 807 2908 praestantissima,
834 2835 1042 2903 tractassem3
1075 2848 1162 2890 nunc

141 2907 240 2972 etiem
261 2906 405 2971 carmina
424 2906 530 2972 faeere
550 2917 684 2974 conatus
700 2932 781 2988 sum,
805 2910 832 2976 si
852 2910 933 2976 forte
950 2910 1108 2976 somnium
1121 2909 1161 2972 il-

141 2990 200 3055 lud
220 2989 365 3055 divinum
384 2990 445 3056 hoc
467 3015 486 3056 a
510 3015 563 3056 me
580 2992 651 3058 fieri
669 2994 834 3063 voluisset.
861 2994 977 3081 Itaque
996 2994 1163 3080 composui

142 3073 299 3162 hymnum
312 3073 346 3139 in
361 3076 489 3142 laudem
500 3076 673 3163 Apollinis,
689 3080 741 3147 cui
755 3080 789 3144 hi
803 3080 872 3146 dies
885 3081 961 3146 festi
977 3079 1060 3147 sacri
1076 3087 1162 3144 sunt:

144 3161 201 3225 sed
217 3182 318 3244 quum
332 3183 384 3226 me
398 3162 554 3248 imparem
569 3187 640 3231 esse
656 3167 809 3232 sentirem
828 3166 947 3232 fabulis
961 3163 1163 3231 inveniendis

144 3243 384 3344 fingendisque,
406 3246 440 3308 in
463 3267 527 3329 qua
545 3270 580 3310 re
600 3250 739 3311 maxime
755 3260 871 3347 poetae
884 3251 989 3314 virtus
1003 3258 1100 3331 atque
1115 3246 1163 3309 of-

145 3327 254 3394 hcrum
275 3330 433 3405 cernitur3
459 3329 585 3414 Aesopi
603 3328 729 3394 fabulas
753 3348 789 3393 ιιι
807 3351 921 3396 versus
939 3331 1060 3414 redegi.
1089 3328 1164 3392 Hoc

143 3413 256 3501 igitur,
277 3414 323 3480 mi
339 3412 456 3492 (lebes,
477 3413 593 3480 Eueno
607 3412 783 3491 nuntiabis,
799 3435 936 3498 eumque
950 3435 1021 3477 meo
1036 3411 1164 3476 nomine

146 3499 375 3578 cohortaberis,
390 3510 428 3564 ut
440 3520 492 3564 me
503 3522 600 3583 quam
611 3498 751 3584 primum
763 3508 926 3583 sequatur.
948 3493 1164 3562 Abcoautein

146 3582 257 3650 hodie:
272 3578 319 3650 ita
333 3585 418 3651 enim
432 3582 688 3650 Atheniensibus
708 3585 815 3650 visum
828 3594 888 3649 est.
910 3581 967 3646 Ad
981 3582 1060 3646 haec
1076 3579 1163 3646 Sim-

146 3668 228 3735 mias
253 3668 442 3748 Thebanus,
490 3669 563 3735 uale
588 3668 717 3735 tandem
741 3668 829 3735 istud
853 3679 913 3745 cst,
938 3667 1052 3751 inquit,
1077 3666 1164 3750 quod

148 3750 299 3821 Evenum
311 3755 418 3824 facere
437 3691 552 3821 iubes?
570 3758 684 3838 Neque
703 3755 788 3819 enim
808 3752 862 3819 ille
882 3753 911 3816 is
930 3751 1008 3816 mihi
1026 3751 1163 3825 videtur,

148 3930 348 3941 -..--.——....

198 4034 224 4099 *)
242 4039 271 4087 P.
292 4041 399 4090 57-oo.
419 4041 448 4091 B.
