2604 4620
365 287 578 350 unnuuo.
602 308 629 368 p.
656 289 727 353 ιιι.
749 289 793 350 ει.

1011 290 1071 351 tnt

46 464 179 550 εάτνχῆ
206 464 382 551 γενέσθαι·
419 456 441 526 ἀ
479 458 517 541 δὴ
552 465 608 526 καὶ
633 457 693 545 ἐγώ
722 455 859 546 εὔχομαί
884 464 918 527 τε
943 464 998 527 καὶ
1024 469 1074 545 γέ·
1119 448 1152 527 „¹

57 590 153 634 νοιτο
181 558 299 654 ταύτη.
351 563 420 626 Καὶ
446 555 518 644 ἀμα
548 556 647 626 ελπάν
664 563 771 626 ταῦτα
788 557 1001 646 ἐπισχόμενος
1020 567 1075 629 καὶ

56 662 151 754 μάλα
180 659 319 751 εὐχερῶς
344 663 398 727 καὶ
423 656 564 737 εὐκόλως
589 659 700 740 ἐξέπιε.
735 664 789 727 καὶ
814 657 909 746 ἡμῶν
936 666 967 728 οἱ
995 667 1074 727 πολ·

57 768 111 833 λοὶ
145 768 224 840 τέως
255 764 316 848 μὲν
352 762 497 837 ἐπιεικῶς
524 754 649 827 οἷοίτε
677 749 763 841 ἦσαν
789 767 936 846 κατέχειν
961 756 999 827 τὸ
1028 758 1073 847 μὴ

58 861 228 954 δακρύειν,
264 858 307 938 ὡς
339 863 373 927 δὲ
410 858 539 945 ε’έδομεν
574 858 717 927 πένοντά
747 859 863 927 τεκαὶ
889 860 1073 941 πεπωκότα,

58 962 182 1044 οὐκέτι,
217 958 290 1027 ἀλλ’
329 962 409 1045 ἐμοῦ
435 967 470 1044 γε
496 963 555 1045 βίη
580 963 635 1026 καὶ
661 958 766 1027 αὐτοῦ
795 959 936 1027 ἀστακτὶ
963 957 1074 1050 ἐχώρει

57 1060 100 1131 τά
128 1058 272 1151 δάκρυα,
311 1055 390 1136 ἀςτε
416 1055 689 1149 ἐγκαλυψάμενος
716 1058 883 1144 ἀπέκλειον
906 1057 1071 1147 ἐμαυτόν·

58 1161 99 1231 ού
126 1158 191 1250 γάρ
217 1156 257 1242 δὴ
284 1156 409 1226 ἐκεῖνόν
432 1185 476 1245 γε,
500 1157 586 1225 ἀλλά
614 1155 675 1239 τὴν
695 1162 841 1246 ἐμαυτοῦ
858 1158 970 1244 τύχην,
995 1167 1071 1228 οἴου

59 1256 185 1348 ἀνδρὸς
217 1265 352 1347 ἐταέρου
388 1264 599 1345 ἐστερημένος
633 1258 712 1340 ε’έην.
748 1257 766 1326 ὁ
802 1263 836 1325 δέ
862 1263 996 1346 Κρίτων
1025 1266 1070 1328 ’έτι
1099 1269 1123 1328 D

56 1359 219 1450 πρότερος
256 1362 352 1446 ἐμοῦ,
386 1354 494 1439 ἐπειδὴ
531 1357 591 1444 οὐχ
631 1357 701 1437 οἶός
725 1358 759 1424 τ’
788 1350 830 1440 ἦν
855 1368 1000 1446 κατέχειν
1027 1355 1068 1426 τά

58 1459 198 1550 δάκρυα,
223 1460 387 1540 ἐξανέστη.
411 1455 659 1546 Ἀπολλόδωρος
685 1461 719 1525 δέ
745 1463 800 1525 καὶ
825 1467 861 1526 ἐν
885 1463 932 1544 τῷ
948 1468 1070 1546 ἐμπρο-

59 1564 163 1629 σθενι
173 1556 284 1646 χρόνῳ
314 1557 412 1626 οὐδὲν
438 1556 580 1624 ἐπαύετο
598 1557 759 1645 δακρύων,
785 1563 840 1625 καὶ
858 1556 898 1640 δὴ
915 1566 969 1626 καὶ
995 1558 1069 1627 τότε

57 1658 393 1749 ἀναβρυχησάμενος,
427 1655 538 1724 κλάων
564 1661 620 1723 καὶ
644 1656 844 1740 ἀγανακτῶν
869 1658 986 1727 οὐδένα
1010 1656 1070 1726 ’ὅν-

55 1786 132 1829 τινα
170 1759 210 1828 ού
248 1763 427 1827 κατέκλασε
464 1762 530 1825 τῶν
557 1753 752 1845 παρόντων,
788 1757 876 1838 πλήν
902 1783 936 1841 γε
963 1757 1068 1826 αὐτοῦ

124 1987 287 2039 ἀπέκλειον
301 1987 458 2054 ἐμαυτόν]
478 1988 509 2038 V.
527 1985 676 2037 ἀντέκλαιον.
695 1987 774 2040 ΟοΙεΙ.
794 1988 937 2040 έπέκλειιον.
955 1987 1015 2039 Par.
1035 1987 1068 2040 G.

53 2055 195 2119 ἐπέκλυον,
214 2056 283 2120 quod
305 2057 415 2109 Bekker.
435 2056 556 2107 restituit.

122 2158 154 2208 D.
187 2155 299 2213 *κλάων
329 2158 381 2207 καὶ
414 2156 622 2224 ἀγανακτῶν]
663 2157 693 2209 V.
724 2157 831 2221 κλαίων,
862 2155 1069 2221 quod”mutuvit

54 2226 167 2278 Bekker.

121 2327 238 2378 δντινα
262 2326 301 2378 ού
325 2329 521 2395 κατέκλασε]
548 2328 592 2378 Sic
617 2326 696 2378 Cotsl.
723 2326 780 2376 var.
802 2326 866 2379 Vsu.
891 2342 916 2379 u.
942 2327 968 2376 b.
993 2339 1016 2377 c.
1042 2324 1067 2375 d.

54 2394 259 2449 visuntur.
280 2396 393 2446 CGHI.
419 2397 508 2448 Ambr.
534 2397 602 2445 Ftor.
627 2396 651 2446 b.
671 2394 695 2443 d.
716 2409 749 2444 m.
769 2399 795 2444 et
820 2408 886 2445 corr.
909 2393 983 2444 Bodt·
1006 2392 1067 2445 Ven.

54 2464 124 2513 ΛΠ,
158 2464 245 2537 Ῡεάςο
263 2466 423 2515 κατέκλανσε.

55 2629 288 2683 Gesummette
329 2633 538 2685 Abhandtun-

54 2712 114 2762 geu
132 2703 180 2748 etc.
199 2715 223 2764 p.
242 2699 284 2754 89.
303 2700 367 2753 huno
385 2703 538 2769 interpreta-

55 2766 152 2829 tionem
183 2769 315 2832 repudiat,
350 2778 427 2835 utque
460 2773 539 2822 verba

57 2833 180 2898 explicat:
212 2837 339 2901 spiritu
365 2855 538 2904 represso,

55 2900 200 2965 ideoque
219 2919 282 2953 uno
309 2903 427 2956 haustu
452 2906 537 2970 „den

55 2968 173 3020 Athens
200 2985 238 3019 un
264 2971 335 3021 sich
360 2971 538 3036 hutteud‚“

55 3039 111 3087 also
156 3036 211 3096 „tu
249 3038 375 3089 einem
411 3042 539 3103 Zuge.“

54 3100 134 3156 Quod
159 3103 233 3151 nobis
259 3118 309 3154 uon
336 3109 431 3171 placet.
472 3109 538 3159 Num

54 3173 168 3237 primum
204 3167 377 3232 ἐπισχόμενος
413 3190 538 3239 nusquam

55 3241 89 3291 ite
111 3244 259 3302 usurpatur.
295 3240 396 3292 Deinde
421 3244 540 3307 quiquis

22 3325 27 3331 ·
55 3307 138 3374 possit
156 3322 209 3357 uno
228 3306 321 3358 haustu
342 3313 465 3374 poculum
484 3313 539 3362 obt-

55 3377 118 3427 bere
136 3391 257 3440 represso
276 3377 375 3441 spiritu,
394 3393 445 3429 uon
464 3380 540 3430 intet-

55 3444 164 3509 ttgimus.
202 3444 318 3509 Denique
330 3446 400 3510 quod
419 3448 462 3498 nte
480 3463 539 3499 cum

55 3517 144 3562 nostra
162 3513 376 3577 interpretatione
393 3522 483 3566 conset
495 3520 541 3581 pu-

55 3595 111 3630 rum
133 3583 271 3632 convenire
288 3584 332 3631 και
343 3589 402 3634 ante
414 3582 483 3648 μάλα
497 3582 541 3633 εὖ·

55 3650 276 3712 χερῶςίαεεεῐοιη
287 3689 294 3714 ,
317 3650 343 3700 id
364 3667 415 3716 quo
434 3652 489 3702 iure
506 3653 540 3702 ita

56 3722 167 3778 statuat,
199 3718 396 3783 haudquaquam
420 3720 540 3784 intelligi-

55 3800 123 3839 mus,
160 3785 331 3852 Respondent
346 3788 414 3840 enim
426 3788 493 3838 inter
511 3804 540 3837 se

54 3851 114 3900 καὶ
130 3851 201 3917 μάλα
220 3853 330 3922 εὐχερῶς
348 3856 400 3906 καὶ
417 3854 539 3913 εὐκόλως.

56 3920 154 3972 Verum
164 3925 204 3971 est
214 3922 301 3987 igitur,
312 3925 380 3989 quod
395 3926 530 3991 posuimus

90 3988 243 4049 κατέχειν
278 3991 312 4040 τὸ
349 3991 391 4059 μὴ
431 3992 538 4060 dorum]

54 4055 111 4104 vix
141 4054 238 4104 nobis
269 4061 459 4124 temperare
489 4079 540 4127 po-

56 4131 221 4184 teramus,
257 4126 320 4186 quo
357 4129 463 4179 minus
496 4133 541 4181 ta-

591 2634 822 2684 orimnremur.
846 2625 1067 2694 Sopt1.Ptrttoct.

590 2702 649 2757 349.
670 2697 701 2750 ον’
710 2697 792 2749 πολύν
808 2694 943 2761 χρόνων]
963 2697 1070 2757 ἐπέσχον

589 2769 627 2839 μή
647 2788 679 2837 με
691 2768 842 2818 ναυστολεῖν
858 2762 934 2829 ταχύ.
955 2764 1071 2816 v.Her·

589 2854 692 2894 mann,
711 2836 744 2887 nd
763 2835 849 2900 Viget.
868 2851 893 2897 p.
909 2832 970 2886 810.
989 2848 1026 2896 sq.

623 2902 919 2972 ἐγκαλυψάμενος]
945 2917 982 2950 os
1003 2903 1070 2966 pal-

589 2977 636 3027 Ιίο
656 2988 727 3024 meo
747 2973 937 3022 obvolvens.
957 2969 1070 3021 v.Dor-

589 3044 657 3093 vitl.
675 3041 707 3090 nd
727 3039 822 3091 Charit.
840 3044 866 3102 β.
884 3037 942 3090 274.

624 3107 698 3156 οἱόυ
716 3104 855 3172 ἀνδρός]
874 3109 889 3157 ἰ.
909 3122 931 3157 e.
952 3102 996 3154 δἐι
1015 3124 1071 3155 τοι-

591 3175 681 3226 ούτου.
701 3191 724 3226 v.
740 3174 772 3222 nd
791 3174 888 3226 Criton.
907 3190 928 3224 c.
949 3176 969 3225 Ι.

624 3246 655 3294 Ι).
693 3240 1072 3293 οάδέναόντιναοάκιι-
1106 3271 1113 3289 ε

590 3309 746 3376 τέκλασε]
775 3311 860 3363 Quum
881 3311 985 3362 codices
1003 3311 1072 3375 optt-

591 3381 625 3431 rui
652 3381 803 3430 confirmant
835 3380 969 3430 tectionem
997 3380 1072 3428 καιέ-

590 3452 681 3511 κλασε,
707 3464 721 3497 ε
744 3445 912 3512 Stephano
935 3462 983 3511 pro
1004 3448 1071 3507 rutg.

590 3518 743 3567 κατέκλαυοε
771 3515 803 3565 de
827 3515 975 3565 coniectura
997 3515 1074 3564 resti-

590 3592 689 3645 tutam,
720 3583 827 3634 eandem
860 3582 965 3633 adiuvat
996 3583 1073 3634 ettam

591 3652 712 3716 loquendi
730 3652 909 3712 consuetudo,
931 3666 1013 3715 neque
1032 3665 1074 3700 re·

593 3726 634 3771 cte
663 3721 767 3784 negavit
797 3719 965 3783 Wyttenn.
994 3735 1074 3765 κατα-

590 3788 651 3838 κλᾶν
687 3788 722 3838 ito
757 3788 906 3852 simpliciter
947 3784 1072 3848 usurpari.

592 3856 704 3907 Prorsus
722 3856 761 3906 sio
779 3856 889 3920 positum
910 3859 950 3902 est
968 3853 1073 3901 ἐνικλᾶν

593 3921 759 3975 Plutarch.
784 3924 835 3975 Vit.
863 3920 954 3974 Perict.
980 3935 1003 3970 ο.
1030 3916 1072 3971 37.

592 3991 607 4057 p‘
626 3997 746 4060 παροῦσα
759 3991 886 4054 ,δνςευχέα
903 3992 938 4053 τῷ
957 3986 1076 4054 Περικλεῖ

590 4063 648 4124 περὶ
674 4059 722 4110 τὸν
745 4058 833 4121 οἷκον,
861 4055 894 4112 ὠς
917 4056 989 4120 δίκην
1016 4053 1073 4105 τινὰ
1151 4066 1158 4073 ·

590 4128 716 4182 δεδωκότι
729 4128 780 4189 ’τῆς
797 4125 946 4194 ὑπεροηέας
967 4122 1009 4174 καὶ
1027 4129 1075 4187 τῆς
