2604 4620
377 254 586 320 suanno.
610 278 639 337 p.
659 261 711 323 ur.
736 261 781 324 si.
1030 257 1091 320 raa

78 432 121 505 ti
148 436 296 526 μᾶλλον,
331 429 392 500 inin
424 436 484 516 μέν
518 455 547 496 τι
584 429 664 517 ὑμῖν
697 435 780 500 δοκῶ
817 430 949 514 ἀληθὲς
979 438 1092 518 λέγειν,

76 531 381 619 ξυνομολογήσατε·
413 538 449 600 εί·
473 535 506 599 δὲ
533 529 599 616 μή,
633 536 733 599 παντὶ
763 529 850 618 λόγῳ
885 531 1093 616 ἀντιτείνετι,

80 632 334 722 εὐλαβούμενοι,
374 629 464 709 ὅπως
503 627 550 717 μὴ
591 629 652 717 ἐγώ
691 629 756 700 ὑπὸ
791 637 988 722 προθυμίας
1018 632 1091 723 ἅμα
1170 708 1176 715 ‚

79 733 201 804 ἑαυτόν
228 760 263 801 τε
297 738 353 800 καὶ
382 729 470 816 ὑμᾶς
502 731 712 813 ἐξαπατήσας
744 729 849 822 ὥςπερ
883 738 1017 820 μέλιττα
1053 732 1092 804 τὸ

34 920 37 925 ⁶
79 845 215 925 κέντρον
242 828 472 920 ἐγκαταλιπών
502 829 690 920 οἰχήσομαι.

156 933 241 1028 Cap.
270 930 365 1000 XLI.
413 928 501 999 'Ani’
530 937 632 1012 ὶτίον,
658 938 734 1023 ἔφη.
786 930 921 1018 πρῶτόν
946 960 987 1021 με
1012 933 1095 1005 ὑπο-

80 1032 226 1124 μνήσατε
258 1030 299 1105 ἃ,
319 1038 459 1119 ἐλέγετε,
498 1029 558 1098 ἐὰν
590 1030 636 1117 μὴ
671 1038 843 1125 φαίνωμαι
878 1042 1094 1123 μεμνημένος.

81 1139 235 1220 Σιμμίας
266 1137 327 1221 μὲν
357 1131 440 1218 γάρ,
472 1128 515 1210 ὡς
546 1123 686 1219 ἐγῷμαι,
720 1133 852 1202 ἀπιστεῖ
878 1161 912 1202 τε
945 1141 1000 1203 καὶ
1030 1163 1094 1224 φο-

58 1240 205 1324 Ιβεῖται,
241 1232 286 1319 μὴ
313 1231 333 1314 η’
360 1229 452 1326 ψυχὴ
477 1227 566 1318 ὅμως
591 1237 647 1299 καὶ
672 1233 851 1322 θειότερον
876 1240 931 1302 καὶ
958 1235 1094 1303 κάλλιον

82 1332 122 1404 ὃν
161 1338 220 1404 τοῦ
254 1333 408 1420 σώματος
441 1333 719 1422 προαπολλύηται
752 1343 787 1403 ὲν
823 1333 988 1422 ἁρμονίας
1020 1336 1096 1405 sidae
1126 1361 1151 1422 ι)

82 1427 185 1504 οὖσα·
238 1438 348 1521 Κέβης
373 1438 489 1521 δέμον
520 1434 606 1515 ἔδοξε
642 1440 744 1504 τοῦτο
778 1442 838 1521 μὲν
872 1440 944 1524 ἐμοὶ
978 1436 1099 1525 ξυγχω-
1144 1446 1150 1465 ’

83 1723 99 1818 cd
154 1703 185 1750 G.
219 1697 345 1763 ὀληθίς
365 1699 489 1764 λέγειν]
512 1700 556 1750 Sic
579 1700 668 1765 optimi
688 1715 788 1751 omnes.
825 1702 893 1755 vett.
920 1702 993 1758 editt.
1020 1707 1101 1772 λόγον

103 1768 196 1826 λθίς.Ἰ

116 1787 220 1900 ηίίμα
238 1831 360 1883 ἔαυτόν
378 1850 411 1883 τε
429 1832 479 1883 καί
497 1831 600 1900 ὑμᾶς]
629 1834 742 1887 Bekker.
767 1851 781 1885 e
805 1835 868 1886 Veu.
892 1836 921 1890 Ξ.
942 1853 1007 1891 corr.
1029 1839 1114 1892 dedii

65 1901 208 1973 ’ίμιιοιόνΙ
249 1903 307 1954 Non
332 1903 423 1967 probo.
447 1919 470 1952 ν.
493 1917 560 1968 quae
583 1902 616 1951 de
638 1901 687 1952 Ιιοο
709 1904 866 1968 pronominis
892 1920 940 1955 usu
967 1922 1103 1960 sommen-

86 1980 154 2025 tatns
173 1987 230 2022 sum
253 1970 287 2021 ad
313 1970 437 2021 ntcintad.
459 1971 490 2023 11.
516 1987 540 2036 μ.
568 1968 625 2022 143.
645 1971 675 2020 Β.
718 1969 827 2022 Fallitur
853 1973 1001 2040 Bernhardy
1027 1976 1101 2045 Syut.

85 2060 110 2109 p.
129 2042 189 2095 272.
209 2040 274 2090 hune
291 2054 368 2089 nsum
387 2040 543 2104 pronominis
566 2040 678 2090 refleuivi
701 2041 791 2105 plurali
816 2056 925 2093 numero
944 2046 1101 2110 concedens,

86 2109 208 2175 singulari
228 2108 347 2172 eripiens.
558 2114 560 2118 ⁴
975 2142 979 2148 ·

157 2175 285 2241 πρῶτόν
303 2193 340 2240 με
359 2173 600 2241 ὑπομνήσειε]
623 2175 704 2229 Coisi.
728 2177 793 2227 Ven.
815 2177 850 2232 Π.
874 2173 943 2229 Tui).
967 2179 1028 2232 Par.
1048 2181 1100 2232 rt.

88 2253 211 2312 qnantum
230 2247 347 2308 suspicor
367 2261 457 2295 omnes
474 2251 576 2309 πρῶτον
593 2247 638 2310 μὲν
656 2244 751 2309 ὑπομν.
788 2247 881 2299 Errare
906 2249 972 2298 enim
1002 2250 1104 2302 videtur

85 2313 202 2367 'Bekken
229 2314 253 2363 in
274 2314 335 2363 Ven.
358 2314 393 2363 Π.
419 2329 521 2378 qnoque
545 2318 646 2380 πρῶτον
672 2316 718 2380 μέν
743 2333 775 2376 με
805 2317 855 2381 legi
885 2332 1005 2380 tranans,
1034 2312 1104 2381 quaid

88 2385 157 2436 idem
177 2383 209 2434 de
228 2382 307 2432 Coisi.
329 2386 355 2432 et
374 2383 447 2432 Parr.
468 2381 555 2435 refert.
591 2382 657 2432 Nam
680 2383 783 2433 Bastins
801 2385 904 2448 qiridem
925 2401 940 2435 e
960 2385 1022 2436 Ven.
1042 2402 1103 2451 pro-

88 2455 145 2504 tulit
161 2452 229 2518 quod
247 2466 280 2502 ex
297 2449 364 2504 Tub.
385 2465 489 2516 qnoque
507 2456 624 2501 notatum
644 2457 694 2515 est,
713 2456 814 2520 πρῶτον
831 2456 876 2519 μὲν
894 2451 1052 2504 unorum
1064 2457 1104 2520 μί.

88 2623 150 2686 τρον
174 2620 333 2685 ἔγκατίλειτιε
360 2624 416 2674 τοῖς
437 2618 572 2686 ἆκροοιμί-

89 2708 142 2757 νοις
169 2705 209 2753 up.
237 2687 342 2740 Diodor.
366 2687 420 2739 Sic.
440 2687 497 2738 Χ11.
517 2689 571 2752 dii,

90 2760 134 2808 ubi
152 2774 176 2808 v.
193 2756 389 2820 Wesseling.
410 2758 469 2809 coli.
489 2757 573 2821 Wyt-

91 2827 176 2877 tenb.
201 2825 233 2875 nd
257 2825 325 2874 Piut.
351 2824 383 2873 de
402 2824 430 2873 S.
449 2826 480 2877 N.
502 2826 529 2876 V.
550 2842 574 2890 p.

623 2621 635 2671 1
640 2621 700 2671 inm
725 2626 777 2670 tam
802 2618 968 2671 vehementer
987 2621 1105 2686 offendit,

623 2695 652 2740 ut
671 2693 772 2755 πρῶτον
789 2692 834 2752 μέν
851 2707 879 2737 τε
897 2687 939 2739 dn.
960 2689 1037 2740 scribi
1057 2706 1106 2742 vo-

623 2759 707 2809 luerii.
754 2757 878 2808 Nimirum
911 2764 1036 2823 πρῶτον
1066 2766 1108 2812 esi

625 2833 697 2876 ante
729 2827 851 2890 omnia;
888 2843 936 2877 nec
965 2842 1031 2890 οριιε
1067 2835 1108 2878 est

90 2894 116 2948 8.
143 2910 180 2958 sq.
207 2893 345 2942 Lucian.
370 2892 468 2952 Nigrin.
488 2910 513 2958 p.
531 2892 573 2945 24.

91 2963 134 3013 καὶ
152 2960 201 3024 γάρ
220 2977 275 3022 τοι,
304 2957 368 3007 κατὰ
391 2959 440 3009 τὸν
457 2960 576 3024 κωμικόν,

92 3030 126 3084 ὡς
145 3029 251 3092 ἀληθῶς
269 3029 416 3088 iracundian&
434 3047 460 3075 τι
472 3034 575 3093 κέντρον

93 3103 151 3152 τοῖς
186 3093 331 3147 ἀκούουσιν,
381 3093 502 3144 Cicero
543 3095 575 3145 de

94 3168 167 3216 Orat.
194 3163 237 3214 111.
261 3161 303 3214 34.
326 3167 521 3226 tantamque
545 3163 576 3211 in

76 3245 132 3284 'eo
152 3231 282 3297 (Pericle)
305 3231 367 3279 vim
392 3229 499 3280 fnisse
523 3230 576 3295 (di-

94 3301 216 3365 xerunt),
246 3308 278 3349 ut
305 3301 332 3348 in
358 3314 469 3349 eornm
493 3312 576 3349 men-

95 3371 203 3431 tibus,
223 3369 275 3432 q'ui
293 3367 480 3429 audissent,
500 3383 577 3431 qua-

96 3440 126 3490 si
161 3439 299 3488 aculeus
335 3435 492 3499 quosdam
529 3451 576 3486 re-

95 3509 280 3572 linqueret.
300 3506 330 3555 V.
350 3503 577 3572 Wyttanbacir.

97 3576 129 3627 ad
161 3573 292 3626 Pintarcir.
330 3574 368 3625 De
408 3589 467 3623 sera
502 3572 578 3624 Numi

98 3644 206 3696 Vindict.
228 3661 251 3708 p.
271 3641 297 3694 8.

133 3712 198 3775 capo
230 3711 299 3763 Xiai·
351 3708 434 3761 ’Adi'
472 3711 575 3772 ὶῖέθν,

97 3782 186 3845 iani
224 3778 311 3835 ⁴Sed
347 3777 578 3830 accedendum

101 3854 151 3899 est
178 3846 214 3897 ad
243 3849 344 3912 ipsam
375 3847 578 3912 disputatio-

99 3931 177 3966 nem.
192 3914 340 3968 Formuiam
350 3917 485 3967 illustravit
494 3913 525 3964 W
531 3932 547 3978 y
556 3920 579 3964 t·

99 3982 249 4034 teubach.
287 3983 353 4034 Bibi.
377 3985 444 4038 crit.
464 3983 496 4038 P.
517 3986 536 4036 1.
555 4000 579 4049 p.

99 4053 142 4104 50.
167 4050 228 4102 xn.
251 4067 276 4115 p.
303 4052 341 4106 12.
376 4052 477 4104 Deinde
505 4057 580 4102 riuta-

99 4121 137 4172 bis
154 4116 307 4187 asyndeton,
325 4120 394 4183 quod
413 4120 580 4173 Heindor-

626 2897 678 2944 uiin
722 2895 911 2944 curriunetinnis
945 2896 1046 2944 vinculo
1083 2895 1108 2945 in

627 2961 675 3011 hoc
695 2961 875 3025 disputationis
894 2961 1027 3025 principio.
1054 2961 1109 3012 Eo-

626 3029 684 3078 dem
710 3027 788 3078 modo
815 3030 926 3092 Apolog.
953 3029 1056 3077 suerat.
1082 3045 1109 3093 p.

627 3095 669 3148 38.
696 3097 727 3144 1).
768 3096 907 3159 Protagor.
938 3110 960 3158 p.
988 3092 1050 3148 338.
1076 3096 1107 3150 C.

628 3164 666 3214 De
685 3164 753 3228 Rep.
771 3162 815 3215 111.
834 3180 859 3228 p.
878 3160 938 3214 412.
958 3163 987 3216 C.

662 3264 693 3314 D.
729 3261 815 3327 ὅμως
837 3293 871 3302 -
895 3262 1031 3315 κάλλιον
1054 3265 1106 3334 ὅν]

629 3333 666 3383 De
683 3330 754 3398 ὅμως
766 3333 803 3383 sic
815 3335 952 3399 participio
966 3350 1013 3384 sno
1032 3351 1108 3401 praef
1208 3382 1218 3395 ,

629 3401 693 3451 mitti
719 3403 795 3452 solitu
822 3419 846 3453 ν,
871 3403 903 3453 de
926 3403 1037 3468 Repubi.
1063 3405 1107 3460 vt.

628 3487 652 3535 p.
669 3469 728 3522 495.
749 3471 778 3523 1).
798 3470 933 3523 Tireaetet.
953 3488 976 3535 p.
999 3472 1057 3526 145.
1078 3474 1109 3525 1).

631 3537 772 3604 Xenoph.
797 3540 893 3608 Canop.
919 3541 987 3593 Vlil.
1009 3541 1041 3604 2,
1067 3541 1109 3596 21.

630 3606 676 3657 cir.
701 3608 733 3657 ad
755 3608 841 3673 Lysid.
861 3626 886 3674 p.
904 3607 965 3663 213.
985 3617 1015 3661 Α.
1051 3611 1111 3662 Te-

629 3682 712 3728 rent.
736 3677 803 3728 Eun.
823 3677 842 3728 1.
863 3677 894 3740 2,
913 3677 955 3733 911.
991 3678 1111 3730 Tamen

630 3751 821 3796 cointemtus
861 3748 921 3797 aba
957 3754 989 3797 te
1026 3747 1112 3798 irasc

630 3812 725 3864 irabui
746 3815 777 3865 in
796 3816 962 3868 memoria.

665 3912 879 3982 iudanondane
901 3915 990 3965 ,εἴδει
1014 3909 1113 3980 οὖσα]

632 3982 646 4034 i.
666 4000 689 4036 e.
708 3981 820 4051 ἁρμονία
846 3978 921 4033 οὖσα.
960 3983 1052 4032 Genus
1076 3981 1115 4034 di·

632 4051 724 4102 ationis
766 4052 903 4103 illustravit
944 4049 1117 4102 Heusdius

633 4119 750 4185 specim.
771 4121 836 4171 Crit.
856 4134 880 4184 p.
899 4117 940 4170 44.
