2604 4620
1090 245 1154 306 225

450 241 886 323 nnnnuo.p.1ro.st.

139 414 182 484 τὰ
209 419 305 484 κοῖλα
331 413 452 494 αὐτῆς,
488 409 611 489 ὕδατός
647 438 681 479 τε
708 419 762 480 καί
789 413 886 502 οίίρος
911 417 1034 500 inni-ea
1061 410 1155 494 ὄντα,

136 514 312 605 χρόματός
339 540 370 580 τι
397 511 483 589 εἶδος
508 518 716 599 παρέχεσθαι
742 518 920 599 στίλβοντα
937 521 989 580 ’ἐν
1022 517 1062 607 τῇ
1088 510 1156 581 τῶν
1184 518 1209 579 1)

138 615 250 685 ἄλλων
279 611 465 704 χρωμάτων
499 618 662 698 ποικιλίᾳ,
698 611 777 692 ὥςτε
812 621 847 681 ἕν
880 641 912 683 τι
938 612 1044 695 αὐτῆς
1071 612 1156 693 εἶδος

138 718 267 804 ξυνεχὲς
298 714 450 782 ποικίλον
490 712 739 804 φαντάζεσθαι.
782 723 817 782 ἐν
850 718 885 782 δὲ
927 712 1031 807 ταότη
1073 711 1154 808 οὔσῃ

139 816 283 909 τοιαύτη
309 811 377 888 dud
406 810 512 899 λόγον
536 808 578 879 τοὶ
607 810 759 904 φυόμενα
784 815 951 906 φύεσθαι,
977 818 1095 900 δένδρα
1120 839 1156 882 τε

140 922 196 987 καί
221 913 320 996 ἄνθη
348 918 404 980 καὶ
432 910 518 990 τοὺς.
538 915 707 996 καραοός’
742 920 797 981 καὶ
823 906 867 983 αὖ
891 912 934 982 τὰ
963 913 1025 1005 όρη
1050 913 1157 994 nigord-

140 1045 206 1097 τως
223 1010 390 1093 ’καὶτοὺς
415 1018 540 1090 λίθους
565 1020 649 1099 ἔχειν
674 1013 741 1081 dud
769 1013 828 1083 τὸν
854 1013 960 1084 αὐτὸν
980 1016 1081 1099 λόγον
1096 1016 1158 1098 τήν

142 1145 177 1186 τε
212 1116 366 1198 λειότητα
402 1118 459 1181 καὶ
499 1109 561 1195 τὴν
598 1112 797 1205 διαηοίνειαν
832 1121 888 1184 καὶ
922 1113 964 1183 τὰ
996 1113 1159 1204 χρώματα

142 1221 281 1286 καλλίω·
315 1207 361 1283 ὧν
395 1219 452 1282 καὶ
491 1211 533 1279 τό
562 1214 687 1281 ἐνθάδε
712 1219 845 1283 λιθίδια
871 1215 1089 1284 εἶναιτοῦτο
1114 1213 1158 1282 τὰ

140 1315 343 1407 οήἀτιόμενα
369 1311 492 1403 μόρια,
519 1313 638 1402 σοίρδιοί
666 1341 700 1382 τε
731 1319 785 1383 καὶ
812 1315 968 1395 λα’σιτιδας
992 1320 1048 1384 καὶ
1074 1340 1158 1402 σμα·

206 1545 334 1612 ἔμπλεα
358 1542 456 1610 ὄντα]
479 1542 569 1594 tanim
593 1542 668 1595 Boni.
696 1546 757 1598 Ven.
778 1545 815 1598 Π.
836 1546 910 1599 vind.
930 1549 963 1596 Φ.
987 1548 1047 1600 Pur.
1065 1547 1164 1601 CEG.

141 1615 232 1666 Ambr.
249 1613 320 1664 Fior.
338 1630 361 1666 s.
385 1628 406 1663 c.
426 1613 450 1663 d.
470 1628 505 1663 m.
526 1618 552 1662 et
571 1627 637 1665 corr.
663 1613 727 1665 Ven,
753 1617 787 1667 A.
807 1616 875 1678 quod
894 1616 1052 1668 Turicenses
1069 1633 1158 1668 susce-

161 1687 242 1734 erunt.
461 1734 468 1741 ,

141 1701 158 1749 p
212 1750 243 1799 Dr
285 1749 443 1798 ποικίλον
470 1744 737 1816 φαντόζεσθαι.]
769 1748 962 1815 θαυμάζεσθαι
992 1752 1071 1803 Coisi.
1101 1753 1159 1806 vat.

115 1847 120 1859 ,.
142 1817 262 1870 Par.·G.
289 1818 379 1868 Ambr.
405 1816 474 1868 Fior.
502 1816 528 1865 d.
565 1817 665 1870 Deinde
690 1819 745 1869 libri
771 1820 885 1883 plerique
912 1833 970 1870 oum
996 1819 1069 1871 editt.
1096 1827 1159 1872 vett.

140 1885 281 1951 διάλογον,
299 1884 368 1950 quod
387 1884 500 1937 oorrerrit
517 1882 632 1938 Fischer,

151 1982 157 1999 ι
199 1953 330 2020 ’δένδρα
352 1971 386 2003 τε
412 1954 469 2002 καὶ
492 1951 685 2018 dionisium
709 1954 787 2006 Coisi.
813 1954 872 2008 vat.
898 1954 972 2005 Vind.
994 1957 1026 2007 Φ.
1045 1954 1106 2006 Par.
1125 1955 1157 2006 G.

142 2025 230 2075 Ambr.
251 2022 323 2076 Flor.
344 2022 369 2074 d.
389 2028 416 2073 et
433 2035 515 2084 marg.
536 2020 613 2071 Bo'di.

209 2088 266 2154 τήν
284 2108 316 2140 τε
335 2087 513 2154 λειότητα]
533 2088 563 2140 V.
581 2088 629 2153 την
647 2089 807 2154 τελειότητα.
838 2091 991 2159 ¹Receptum
1010 2091 1159 2155 lectionem,

140 2159 190 2211 ism
212 2176 227 2210 ει
245 2157 379 2224 Stephano
393 2158 548 2224 eoniectnra
566 2166 709 2225 repertam,
734 2162 887 2211 confirmant
904 2162 986 2214 Coisi.
1005 2161 1062 2212 Vnt
1083 2160 1159 2213 Vind.

144 2231 204 2281 ΥΦ.
231 2228 291 2280 Psr.
317 2226 459 2277 cuuth.
484 2224 555 2278 Flor.
584 2243 607 2278 a.
628 2229 651 2278 b.
672 2245 694 2279 c.
714 2227 739 2277 d.
758 2229 772 2281 i.
793 2244 824 2279 m.
845 2235 872 2280 et
889 2244 956 2280 corr.
975 2230 1038 2282 Ven.
1058 2229 1094 2280 Π.
1112 2228 1162 2292 τήν

144 2314 171 2346 τε
191 2294 315 2346 λειότατα
334 2296 399 2346 Ven.
417 2296 452 2354 Λ.

142 2448 258 2520 suum..
284 2464 348 2516 Mox
385 2469 464 2533 vulgo
493 2481 628 2534 perperam
682 2465 715 2518 ud
740 2471 843 2517 montes
870 2465 999 2530 pertinere
1027 2454 1164 2519 indicenda

143 2527 273 2600 α’νιίλογιιν
317 2534 487 2588 scribebatur.
545 2537 632 2587 Recte
682 2535 740 2585 sint.
777 2533 841 2598 Sed,
854 2540 883 2585 ut
899 2535 1100 2600 detrimentem,
1118 2550 1163 2586 cur

143 2603 330 2654 Fiscirerus
359 2601 406 2652 όνδι
440 2604 519 2672 λόγον
543 2604 632 2667 edidit,
682 2601 830 2668 τελειότητα
848 2603 1015 2654 reficiendum
1034 2604 1082 2665 sit3
1101 2603 1163 2668 quid

106 2731 111 2745 Ι
143 2671 363 2736 quemadmodum
394 2675 480 2738 paullo
513 2680 573 2738 post
596 2674 634 2724 ie·
683 2679 786 2725 serrata
811 2672 912 2736 antiqua
939 2673 1049 2724 lectione
1076 2687 1164 2737 repre-

143 2740 214 2806 gitur
231 2738 279 2788 διὰ
298 2738 344 2788 τὸν
362 2740 445 2790 αὐτὸν
464 2741 552 2808 λόγον.
649 2775 652 2781 -
683 2741 808 2792 honsione
825 2740 928 2806 dignum
944 2741 1075 2802 videatur,
1100 2740 1164 2790 indi-

175 2807 238 2869 τὴν
267 2825 300 2854 τε
330 2809 495 2872 λειότητα
531 2809 585 2856 καὶ
611 2829 634 2860 τ.

143 2875 185 2940 δ.]
211 2873 324 2937 Egregia
353 2874 415 2926 baec
434 2884 474 2926 est
493 2876 633 2941 Stepha-

143 2943 177 2994 ni
196 2940 343 2991 emendatio
363 2949 390 2991 et
407 2958 475 2992 nuno
494 2946 633 2995 multorum

145 3013 269 3064 iibrorum
294 3007 422 3072 suffragiis
454 3012 633 3074 comprobata,

146 3093 224 3144 quam
240 3076 328 3126 nescio
345 3091 391 3125 eur
405 3077 564 3126 recentiores
573 3078 634 3127 Pio-

115 3157 119 3165 '
147 3147 216 3198 tonis
235 3146 390 3210 interpretes
410 3150 514 3208 praeter
537 3144 634 3194 Hein-

147 3214 296 3279 doriium
321 3211 376 3264 fere
395 3228 487 3263 omnes
506 3213 636 3278 aspernati

147 3285 206 3334 sint.
242 3282 330 3334 Quum
349 3281 414 3332 enim
435 3287 537 3331 montes
556 3286 583 3332 et
598 3283 634 3331 in-

148 3351 222 3420 pides
246 3351 270 3400 in
294 3349 340 3400 ime
365 3355 450 3400 terrae
475 3354 549 3415 parte
573 3363 636 3399 cou-

150 3420 254 3486 spicuos
298 3417 445 3479 rnutiintos‚
486 3423 634 3483 corruptos,

150 3488 301 3550 deturpatos
332 3500 391 3535 esse
415 3485 538 3548 dixisset,
570 3500 636 3535 nuno

149 3555 261 3607 vicissim
281 3568 450 3619 supernorum
476 3554 579 3604 iliorum
598 3556 636 3604 ie·

149 3624 268 3686 vitatem,
294 3622 498 3687 pelluciditstem
524 3628 551 3672 et
577 3623 635 3698 ραΙ-

150 3691 235 3743 oirrem
278 3691 392 3756 speciem
440 3695 645 3741 commemorat.-

150 3760 229 3813 Quod
251 3767 337 3814 autern
367 3757 553 3809 Fisoirerus
576 3758 636 3808 dicit

150 3827 247 3892 requiri
264 3843 373 3891 nomen,
397 3826 468 3891 quod
487 3841 538 3876 non
556 3827 636 3877 modo

150 3895 182 3946 sd
211 3896 317 3959 λίθους,
344 3894 391 3947 sed
419 3895 497 3946 etism
523 3895 563 3945 sd
586 3895 636 3962 ὅρη

151 3961 303 4022 reseratur,¹
322 3962 440 4027 equidem
476 3978 526 4013 non
544 3963 636 4027 rideo,

152 4044 198 4080 our
216 4043 264 4090 en,
287 4043 353 4091 quse
374 4029 407 4080 de
432 4031 560 4097 lapidibus
578 4047 637 4083 nar—

152 4101 261 4160 rentur,
280 4109 331 4146 non
348 4095 423 4148 simui
442 4098 637 4162 quodammodo

151 4197 155 4207 “
214 4195 281 4246 Pist.
301 4196 369 4261 Opp.
389 4197 446 4249 Voi.
466 4175 573 4250 iss'Seet.
594 4199 625 4250 il.

683 2825 782 2860 cemus.
818 2808 956 2873 deprimo
977 2809 1084 2873 quidem
1104 2808 1166 2858 inec

683 2879 750 2928 inter
768 2891 797 2926 se
816 2877 853 2925 sic
871 2876 1046 2926 connectenda
1065 2880 1165 2925 essenti

683 2941 806 3008 ἔχειντὴν
815 2940 966 3005 τελειότητα
978 2943 1079 3003 καλλίω,
1095 2940 1165 3004 quod

684 3013 743 3077 quis
767 3024 818 3059 non
844 3009 914 3058 videt
931 3025 1008 3072 qunm
1027 3007 1166 3059 absurdum

686 3081 720 3130 sit
736 3083 816 3140 etque
835 3075 973 3141 ineptum?
1009 3074 1106 3125 Deinde
1125 3093 1166 3123 τε-

686 3143 819 3207 λειότητα,
839 3141 863 3193 Ιι.
880 3159 902 3193 e.
916 3143 1078 3205 vocabulum,
1092 3143 1165 3193 ouius

686 3213 758 3263 notio
788 3216 861 3276 patet
887 3211 1027 3274 tutissime,
1058 3211 1166 3262 coniun-

686 3284 791 3346 geretur
808 3293 867 3328 curn
884 3277 1037 3346 διαφάνειαν
1049 3279 1091 3330 καί
1099 3276 1167 3346 χρό-

685 3367 772 3416 ματα,
796 3361 862 3410 quae
884 3349 968 3398 minus
988 3349 1045 3399 iste
1068 3353 1165 3414 patent.

686 3417 731 3469 Sin
756 3424 842 3466 autem
864 3415 926 3467 iliud
959 3417 1107 3481 angustiore
1130 3417 1168 3468 si-

686 3485 851 3551 gnificatione
878 3485 1054 3549 accipiendum
1080 3492 1166 3552 putes,

685 3559 715 3605 ut
757 3553 882 3617 significet
923 3554 1168 3619 integritatem,
1217 3600 1220 3604 Α
1260 3550 1265 3559 ’

687 3638 796 3685 vereor,
837 3637 869 3671 ne
907 3621 976 3671 siia‘
998 3622 1073 3674 iruius
1106 3636 1169 3673 usus

688 3692 808 3756 exempta
826 3688 1015 3743 desiderentur.
1051 3691 1169 3753 Denique

687 3774 738 3809 non
763 3774 829 3824 opus
852 3762 908 3820 est,
935 3762 963 3807 ut
992 3757 1170 3822 integrita-

688 3828 732 3878 tis
750 3828 850 3877 iiiorum
869 3825 992 3875 montium
1013 3831 1039 3875 et
1057 3821 1169 3887 tapidum

689 3895 737 3946 iroc
761 3897 819 3946 ioco
846 3893 1018 3952 mentiosum,
1042 3904 1118 3952 quum
1138 3902 1171 3938 ex

688 3965 745 4030 ipso
763 3962 939 4028 disputatione
956 3958 1111 4021 intedigatur
1129 3971 1172 4004 ss·

689 4033 723 4082 tis
739 4031 890 4096 perspicue,
908 4040 1031 4091 quorsum
1050 4024 1112 4074 irseo
1130 4036 1174 4074 εο-

690 4099 797 4152 serenda
816 4099 873 4148 sint.
889 4122 924 4135 -
958 4092 1022 4144 Mox
1040 4044 1293 4362 verbosior

893 4178 933 4238 15
