2604 4620
204 273 224 332 a
580 232 851 328 aaaaours'

205 437 316 491 nonnihil
359 434 506 486 indulsisse.
555 434 595 486 Ex
635 452 687 502 quo

205 509 329 570 originem
353 503 426 554 duxit
448 518 597 568 perversum
623 521 686 554 non-

204 576 332 628 nullorum
356 570 494 630 iudicium,
517 572 559 636 qui
585 573 687 624 Panae-

206 644 270 694 tium
289 641 408 692 Stoicum
426 645 581 706 putaverunt
601 641 687 692 Phae-

206 711 279 762 donis
294 709 421 760 Platonici
437 709 515 760 tidem
528 714 607 774 atque
625 726 688 760 anc-

204 779 337 830 toritatem
363 778 387 828 in
413 780 615 829 controversiam
642 795 689 829 vo-

206 863 297 908 casse,
320 846 346 896 in
372 861 483 910 qrrorum
510 862 618 898 numero
641 845 690 898 tuit

205 916 320 980 inprimis
350 913 520 965 Leonidas
550 917 689 967 Alexan·

207 982 323 1033 drinus
352 981 377 1031 in
410 981 603 1045 Epigrammata
636 989 689 1032 An·

205 1051 269 1104 thol.
292 1051 339 1103 Gr.
363 1051 397 1100 X.
420 1046 571 1101 358.=1.
592 1048 640 1109 dd,
662 1047 688 1100 4.

205 1118 331 1174 Nimirum
366 1116 506 1167 Panaetius
540 1117 687 1181 neutiquam

206 1189 296 1239 libram
319 1184 436 1237 Platonis
461 1185 487 1234 iu
513 1183 616 1235 dubium
641 1200 689 1234 vo·

205 1255 284 1318 cavit,
303 1253 349 1307 sed
363 1251 510 1304 Phaedonis
527 1259 553 1303 et
572 1253 688 1303 Euclidis

206 1323 304 1386 dialogi
323 1337 381 1372 num
404 1336 452 1386 pro
470 1321 610 1373 Socraticis
628 1338 688 1387 pro-

206 1390 284 1442 bandi
303 1394 406 1450 essent,
430 1389 610 1453 ambigendum
634 1397 690 1441 sta-

205 1460 262 1511 tuit.
298 1458 364 1511 Nam
387 1459 422 1508 ita
452 1457 617 1524 intelligenda
642 1474 690 1524 pn-

205 1535 290 1579 tamus
324 1541 391 1592 quae
429 1523 462 1574 de
495 1541 527 1577 eo
555 1533 690 1578 narrantur

205 1589 300 1660 Diog.
325 1595 357 1647 L.
380 1594 413 1644 ll.
435 1591 476 1646 64.
501 1595 560 1645 coll.
584 1596 629 1649 lh.
647 1595 689 1648 37.

205 1662 308 1715 πάντων
329 1666 418 1729 μέντοι
448 1666 498 1711 τῶν
519 1663 692 1729 Σωκρατικῶν

206 1730 334 1798 διαλόγων
372 1731 519 1786 Παναίτιος
549 1730 691 1797 ἀληθεῖς

115 1827 122 1841 ·
206 1801 273 1852 εἶναι
291 1801 363 1852 δοκεῖ
383 1798 446 1855 rode
464 1797 621 1860 Πλάτωνος,
646 1801 692 1851 Et.

208 1875 353 1936 νοφῶντος,
376 1866 572 1933 Ἀντισθένους,
596 1868 691 1932 Αἰσχί-

209 1952 272 1989 sov·
291 1934 403 1997 διστάζει
428 1937 455 1986 dt
480 1938 606 2002 περὶτῶν
626 1938 692 1988 Φαί-

210 2007 291 2060 δωνος
316 2006 360 2052 καὶ
384 2000 543 2053 Εὖκλείδαυ·
575 2004 638 2060 τοὺς
665 2007 691 2053 dd

210 2073 305 2124 ἄλλους
334 2070 436 2133 ἀναιρεῖ
457 2069 570 2132 Ιπάντας,
611 2071 633 2120 h.
663 2087 688 2120 e.

211 2134 350 2189 orn'ninm
385 2150 468 2184 vero
497 2137 690 2186 Socratico·

210 2220 277 2256 rum
319 2202 530 2265 dialogorum
566 2203 689 2252 Panae-

212 2270 688 2330 tiuscensetsolosPlatonis,

211 2336 689 2403 Xerrophontis,hntisthe-

211 2409 265 2458 nis
289 2411 386 2470 atque
413 2403 592 2454 Aeschinis
621 2420 689 2469 ger-

213 2489 336 2528 manam
369 2471 495 2524 reterre
534 2471 689 2522 Socratis

212 2545 380 2594 rationem
410 2554 445 2589 ac
463 2539 691 2604 disciplinam3

213 2610 252 2661 de
287 2607 480 2659 Phaedonis
515 2612 620 2658 sutem
658 2615 691 2658 et

209 2675 370 2730 Euclidis
409 2673 505 2725 libris
540 2676 690 2740 ambigit,

211 2749 345 2797 ceteros
393 2756 515 2809 omnes,
550 2759 690 2795 numero

210 2812 528 2863 Socraticorum
563 2813 690 2863 eximit.

209 2880 287 2932 Hanc
316 2880 392 2946 igitur
416 2878 585 2931 Phaedonem
615 2882 691 2932 Plato

210 2950 236 3000 in
253 2948 303 3000 hoc
321 2963 442 3000 sermone
459 2949 532 2999 iussit
546 2965 576 3000 ea
589 2964 692 3001 narrare

210 3024 238 3071 et
255 3034 400 3083 exponere,
425 3034 492 3082 quae
510 3018 634 3070 Socrates
653 3020 692 3070 ul-

210 3088 274 3140 timo
295 3087 364 3138 ritae
381 3087 423 3138 die
441 3085 547 3139 lecisset
558 3102 589 3137 ac
601 3087 692 3153 dispu-

209 3158 327 3217 tavisset,
349 3156 468 3220 adeoque
487 3157 591 3207 nomine
610 3157 692 3222 ipsius

209 3222 301 3271 librum
311 3223 460 3284 inscriptum
473 3225 562 3272 voluit.
598 3225 625 3272 ln
639 3239 691 3286 qno

211 3300 271 3337 cam
297 3285 412 3337 Gellio
433 3287 465 3339 N.
492 3291 522 3337 Α.
547 3288 578 3336 ll.
600 3288 692 3340 teser

211 3352 385 3404 Macrobio
415 3352 474 3404 Lat.
501 3353 521 3402 1.
550 3353 589 3404 lt.
612 3368 692 3418 agno-

211 3421 306 3470 scimus
327 3417 430 3469 honoris
449 3419 582 3470 cuiusdam
601 3422 692 3471 testiti-

192 3492 194 3497 '
210 3488 355 3546 rationem,
382 3486 450 3536 unde
467 3486 543 3537 facile
561 3488 690 3550 coniicias,

210 3555 285 3605 etiam
304 3553 408 3607 Platoni
427 3569 484 3604 cum
504 3557 691 3607 coarctionem

209 3622 336 3687 quandam
354 3620 494 3672 amicitiam
519 3638 550 3671 ac
576 3625 690 3673 necessi-

209 3689 322 3744 tudinem
341 3689 534 3752 intercessisse,
553 3705 605 3753 quo
624 3697 691 3742 tem·

209 3773 274 3827 pora
294 3756 335 3808 hic
353 3755 469 3821 dialogus
488 3757 579 3807 litteris
600 3774 690 3810 esara-

210 3831 322 3889 tuaest,
348 3822 460 3876 tortasse
483 3822 640 3878 contractam
660 3828 691 3879 il-

211 3898 262 3948 lam
273 3894 368 3946 aretius
382 3898 429 3942 aut
441 3901 600 3954 renovatam,
610 3910 690 3960 quum
704 3950 706 3954 ,

739 435 840 486 viseret.
880 432 1002 484 Ceterum
1027 434 1097 499 quod
1123 434 1221 486 Athe·

738 518 840 555 naens
858 501 903 552 Xl.
924 501 964 554 15.
984 520 1008 568 p·
1027 505 1085 558 505.
1104 504 1136 554 Ε.
1160 519 1219 554 nar-

738 578 796 633 rat,
816 569 997 634 Phaedonem,
1016 575 1084 623 lecto
1102 572 1221 622 Platonis

739 641 859 705 dialogo,
878 641 1012 704 negavisse
1030 657 1090 691 sese
1107 656 1219 704 unquam

738 712 790 760 tale
808 707 928 774 quiddam
946 710 1110 774 exposuisse,
1136 708 1162 757 id
1184 709 1221 757 si-

739 779 792 829 cuti
811 777 904 828 nemini
929 777 1045 841 cuiquam
1067 778 1154 828 mirum
1174 791 1221 826 ac·

741 846 809 898 sidet
826 847 869 910 qni
887 861 986 896 morem
1014 853 1040 897 et
1056 844 1221 896 consuetudi-

740 931 799 965 nem
818 914 979 978 dialogorum
998 915 1158 974 meminerit,
1184 913 1222 962 ita

741 985 817 1033 etism
838 998 870 1032 eo
888 985 975 1034 valere
994 984 1088 1046 debet,
1108 987 1220 1045 atquae

740 1050 763 1098 in
784 1049 924 1099 Phaedone
943 1057 1114 1115 exponuntur,
1132 1065 1161 1100 ea
1178 1049 1221 1098 uni

740 1117 854 1166 maxime
878 1116 982 1166 Platoni
1006 1119 1094 1170 deberi
1128 1118 1223 1168 certius

740 1183 814 1234 nobis
831 1183 1043 1249 persuadeamus.
1061 1213 1094 1222 -
1129 1186 1225 1237 Narrat

738 1258 826 1303 antem
838 1250 946 1301 Phaado
959 1267 1104 1302 sermonem
1124 1253 1225 1303 Eche-

739 1321 839 1383 crati,
861 1319 927 1384 apud
951 1334 1028 1382 quem
1054 1318 1149 1384 hospes
1176 1320 1224 1370 de-

740 1389 827 1452 vertit,
846 1394 924 1451 atque
942 1388 998 1438 aliis
1016 1388 1070 1440 eius
1089 1387 1222 1438 familiari·

739 1459 798 1510 bns.
839 1455 905 1508 Nam
930 1463 1034 1521 praeter
1054 1454 1224 1508 Eclrecratem

742 1527 816 1578 etiam
834 1523 906 1587 κωφὰ
928 1523 1051 1590 nodamus
1070 1524 1130 1589 fingi
1144 1539 1222 1589 prae·
1265 1562 1269 1567 .

742 1596 825 1645 sentia
869 1595 954 1659 ipsum
996 1593 1098 1658 Dialogi
1144 1607 1223 1642 eaor-

742 1663 813 1714 dinm
850 1660 936 1713 docet.
990 1661 1056 1712 Eum
1094 1659 1225 1711 habitasse

742 1732 863 1783 Phliunte
886 1731 943 1795 ipse
962 1729 1037 1779 Plato
1056 1729 1158 1778 iudicat.
1190 1728 1226 1778 Et

741 1805 850 1850 vocatur
895 1799 970 1848 etiam
1014 1814 1028 1846 a
1071 1798 1227 1860 Diogene

742 1868 856 1918 Lairt.
885 1866 954 1916 Vlll.
977 1864 1020 1918 to.
1048 1871 1073 1915 et
1097 1865 1226 1915 lambli-

743 1935 801 1986 cho
832 1935 884 1988 vit.
914 1933 1025 1998 Pythag.
1056 1933 1077 1996 §.
1111 1931 1163 1984 250
1186 1949 1225 1996 sq.

741 2004 876 2055 Phliasius.
915 2000 1078 2066 Quamquam
1095 2001 1167 2051 huius
1178 1996 1226 2051 ho-

741 2070 817 2119 minis
836 2069 901 2119 ratio
921 2070 968 2118 alia
988 2077 1037 2128 eat,
1053 2085 1130 2134 quam
1149 2070 1226 2120 alicui

741 2137 824 2198 primo
843 2134 969 2198 adspectu
988 2136 1122 2200 videatur,
1142 2138 1226 2202 siqui-

741 2201 799 2250 dem
818 2200 969 2264 intelligitur
984 2200 1163 2264 Pythagoreus
1183 2207 1228 2255 ille

740 2266 911 2329 Echecrates,
940 2283 1015 2331 quem
1043 2268 1173 2331 Diogenes
1198 2281 1225 2323 et

740 2333 893 2385 lamblichus
912 2342 1070 2398 memorant3
1086 2336 1119 2386 de
1132 2353 1182 2400 qua
1196 2355 1226 2389 re

741 2408 830 2452 nostro
850 2403 953 2467 quidem
972 2403 1066 2455 iudicio
1089 2406 1156 2454 nulla
1173 2423 1225 2471 po·

740 2477 793 2521 test
819 2487 877 2522 esse
902 2472 1084 2523 controversis.
1119 2473 1224 2525 Etenim

741 2540 830 2589 audias
863 2540 1061 2592 Ciceronem
1099 2541 1138 2591 De
1167 2542 1222 2593 Pin.

742 2607 773 2656 V.
792 2605 833 2660 29.
859 2610 892 2659 ita
919 2610 1089 2660 scribentemr
1106 2637 1142 2646 -
1166 2625 1225 2661 our

743 2677 841 2726 Plato
878 2677 1063 2727 Tarentum
1099 2678 1136 2728 ad
1167 2680 1224 2729 Ar-

743 2743 887 2808 chytam,
921 2761 977 2795 cur
1005 2746 1044 2795 sd
1073 2747 1225 2811 reliquos
1276 2756 1283 2762 ·

742 2812 990 2878 Pythagoreos,
1023 2812 1224 2865 Echecra-

742 2884 820 2945 tem,
840 2882 1020 2944 Timaeum,
1041 2882 1224 2943 Aoriouem,

743 2948 864 3001 horror
903 2955 969 3013 eto,
1011 2966 1122 3014 unrocum
1164 2951 1225 3002 iacit
1267 3013 1273 3020 ,

743 3019 820 3069 etiam
853 3018 962 3071 Valer.
989 3020 1070 3069 Max.
1102 3018 1168 3072 Vlll.
1201 3036 1223 3069 c.

742 3085 774 3147 7,
797 3086 823 3140 3.
850 3093 949 3140 extero.
991 3088 1121 3138 Oriundus
1145 3087 1224 3152 igitur

743 3154 900 3207 Echecrates
936 3156 1029 3206 Locris
1060 3156 1115 3207 suit.
1169 3155 1224 3206 Sed

742 3238 888 3284 cognomen
905 3223 1009 3275 Phliasii
1027 3225 1103 3284 inde,
1121 3224 1222 3288 opinor,

742 3290 851 3350 accepit,
870 3291 938 3353 quod
957 3300 1049 3358 postea
1063 3293 1152 3343 relicta
1171 3292 1223 3340 lta-

744 3354 776 3402 lia
787 3354 907 3406 iuleriore
920 3374 1005 3410 rerum
1020 3376 1122 3411 suarum
1136 3359 1221 3410 sedem

742 3436 773 3470 ac
792 3421 948 3476 domicilium
968 3430 1097 3478 transtulit
1117 3428 1223 3478 Phliun-

741 3494 804 3551 tem,
822 3493 911 3543 urbcm
926 3495 1071 3560 Sicyoniae,
1092 3511 1142 3546 non
1162 3511 1224 3561 pro-

742 3559 781 3607 cul
805 3560 837 3609 ah
861 3561 958 3613 lsthmo
980 3565 1072 3625 sitam,
1101 3566 1143 3614 cui
1168 3564 1224 3614 t‘or·

742 3631 812 3677 tasse
845 3628 903 3679 ideo
931 3631 1025 3695 aliquid
1053 3632 1223 3682 necessitudi-

741 3693 780 3741 nis
804 3710 861 3746 cum
881 3697 1052 3760 Pythagoreis
1075 3697 1223 3748 intercede-

742 3761 799 3821 bat,
829 3763 896 3826 qnod
925 3763 1091 3814 Pausania
1124 3763 1155 3814 ll.
1180 3763 1221 3820 lt.

741 3833 853 3899 testante
877 3830 911 3880 ibi
936 3834 1013 3880 natus
1040 3834 1095 3878 erat
1118 3829 1221 3898 Hippa.

741 3910 801 3958 sus,
819 3895 984 3960 Pythagorae
1002 3908 1124 3960 proavus,
1142 3912 1219 3964 quem

210 3960 376 4029 philosophus
404 3960 613 4026 Peloponnesum
642 3978 708 4031 per,
739 3963 823 4028 hasam
846 3969 934 4014 tamen
960 3965 1048 4014 relicta
1071 3967 1151 4029 patria
1169 3969 1220 4020 Sa-

210 4032 326 4083 itinernm
350 4035 410 4097 port
434 4027 550 4080 Socratis
578 4038 688 4083 mortem
738 4038 810 4080 mum
830 4030 955 4096 migrasse
973 4033 1111 4084 memoriae
1131 4037 1219 4101 prodi-

209 4106 387 4164 snsosptoram
413 4097 630 4166 opportunitatem
650 4099 688 4150 in·
739 4104 792 4150 tum
812 4104 859 4150 est.
884 4098 952 4179 roni.
977 4100 1051 4152 etium
1076 4103 1165 4170 Diog.
1187 4105 1219 4158 L.
