2604 4620
473 238 521 284 Al>
545 234 760 284 SYMPOSIUM.
995 237 1122 285 Lxxvn
1234 291 1235 294 Ἰ
1274 268 1278 273 -

81 434 85 438 -
155 391 271 476 Itaque
292 390 342 455 hia
363 389 470 455 missis
490 389 555 453 iam
575 389 636 454 hoc
655 410 754 454 unum
775 387 972 467 adiiciamus,
997 403 1123 477 praeter

113 475 361 563 Xenophontem
394 485 490 558 atque
516 472 683 539 Platonem
716 473 832 538 multos
865 472 944 538 alios
978 476 1123 543 extitisse

79 558 81 565 '
113 560 309 646 antiquitatis
335 559 555 659 philosophos,
582 556 638 642 qui
665 554 837 706 Symposio
864 548 1051 639 scriberent,
1085 573 1124 627 ut

113 647 164 712 vel
186 668 261 711 suae
283 646 322 709 de
344 666 451 709 amore
472 644 636 729 opiniones
657 642 709 706 vel
730 664 750 705 a
762 641 792 706 'a
812 642 906 707 etiam
928 644 1045 730 placita
1065 668 1126 713 sua

111 731 316 808 illustrarent,
360 750 473 793 uorum
487 727 640 793 memoria
653 748 752 810 quum
766 726 806 792 ab
821 726 902 803 aliis,
917 737 984 792 tum
999 752 1019 794 a
1032 729 1077 797 Pl
1083 754 1122 796 u-

113 815 248 881 tarcho
274 815 308 879 in
337 751 546 895 &uacationn
579 809 806 877 convivalibus
835 820 959 876 servata
986 825 1043 879 est.
1083 815 1124 880 In
1184 839 1193 854 ³

65 975 67 978 ,
112 923 247 985 quorum
267 920 401 964 numero
422 899 563 976 fuerunt,
584 905 619 961 ut
638 895 717 961 alios
731 905 863 973 taceam,
886 896 981 961 etiam
995 899 1123 965 Aristo.

112 986 192 1053 teles
214 995 247 1050 et
269 982 483 1071 Speusippus,
505 981 649 1065 Platonis
671 1003 711 1046 ex
734 1002 840 1046 sorore
861 1002 974 1066 nepos,
997 982 1037 1048 de
1072 985 1124 1050 ui·

112 1070 173 1137 bus
199 1069 274 1134 vide
300 1067 443 1134 Athen.
463 1066 543 1132 XV.
566 1066 615 1131 16.
644 1064 817 1131 Macrob.
845 1062 974 1132 Satura.
1064 1070 1138 1154 .3.‚

112 1153 313 1220 Plutarch.
338 1151 472 1234 Quaest.
495 1149 672 1218 Convivall.
696 1150 740 1216 in.
784 1149 827 1214 Et
853 1150 967 1216 horum
992 1153 1124 1236 quidem

113 1239 234 1325 scripta
255 1260 293 1303 eo
314 1239 418 1326 magis
441 1237 613 1303 dolendum
635 1235 791 1318 estquod
818 1257 882 1315 pon
909 1237 1049 1302 tulerunt
1069 1261 1124 1305 ae-

113 1334 222 1402 tatem,
245 1323 320 1408 quia
342 1325 410 1390 sine
432 1321 529 1387 dubio
550 1321 624 1385 inde
638 1321 681 1385 ad
700 1319 857 1386 Platonici
879 1322 985 1406 operis
1006 1322 1129 1401 intelli,

112 1409 254 1496 gentiam
274 1430 339 1473 non
360 1430 475 1493 parum
496 1406 642 1472 utilitatis
663 1405 847 1491 percepturi
868 1427 1020 1472 essemus.
1056 1408 1124 1475 Vs·

112 1517 184 1558 rum
211 1493 360 1576 quoniam
388 1515 469 1576 quae
493 1491 590 1556 semel
610 1491 736 1577 perdita
752 1500 852 1569 sunt,
887 1513 925 1554 ea
950 1514 1124 1578 numquam

112 1587 247 1664 possunt
268 1576 410 1654 restitui,
433 1587 611 1662 temporum
632 1575 781 1640 iniuriam
794 1575 993 1640 consolemur
1008 1577 1064 1658 sic,
1087 1591 1124 1645 ut

135 1684 195 1726 uae
221 1660 306 1726 bona
330 1660 424 1726 nobis
446 1660 550 1725 adhuc
577 1669 762 1746 supersunt,
794 1659 834 1724 iis
862 1661 1021 1745 sapienter
1048 1685 1123 1749 per-

112 1684 257 1810 imamur
285 1755 318 1810 et
344 1745 385 1809 ad
415 1767 561 1811 caussam
581 1743 785 1810 humanitatis
806 1744 977 1811 iuvandam
998 1758 1122 1814 susten-

112 1830 305 1927 tandamque
324 1840 461 1895 utamur.
848 1834 853 1843 '

520 1975 720 1983 w

469 2093 764 2180 CODICES.

154 2259 382 2319 Bodleianus
407 2278 431 2317 s.
451 2256 691 2317 Glarkianns.
724 2255 877 2318 Coislin.
900 2253 973 2341 (Γ),
995 2261 1074 2321 Vat.
1097 2258 1122 2320 Δ
1164 2270 1167 2281 “

74 2398 77 2403 .
115 2340 231 2425 (225.),
247 2364 334 2420 quem
349 2345 470 2402 contulit
482 2342 649 2414 Bekkerus3
668 2343 756 2401 aliam
771 2344 955 2403 collationem
969 2349 1092 2406 subinde
1105 2367 1124 2406 a

113 2430 238 2489 Beklreri
257 2430 370 2488 indiciis
391 2429 613 2507 discrepantem,
634 2447 724 2504 quam
741 2427 849 2487 fecerat
869 2429 995 2503 Bastius,
1016 2432 1124 2506 insigni

114 2514 288 2574 humanitati
313 2513 383 2572 chr.
409 2515 473 2572 Fel.
498 2514 630 2586 Baehrii,
663 2513 718 2572 viri
742 2513 941 2586 eruditissimi,
972 2516 1122 2576 debemus.

113 2601 201 2660 Ven.
217 2593 251 2658 Ξ.
273 2599 373 2657 Vind.
389 2591 415 2655 Υ
429 2599 512 2657 nobis
531 2600 602 2658 olim
620 2617 701 2657 num.
714 2593 744 2656 2.
756 2599 897 2673 signatus.
919 2597 1123 2661 Vindob.1.

112 2695 143 2744 et
162 2683 191 2743 7.
216 2703 235 2742 a
253 2684 356 2743 Bastio
380 2685 411 2741 in
431 2685 590 2761 scriptione
606 2684 653 2742 De
675 2683 828 2761 Symposio
845 2682 963 2745 Platon.
988 2686 1122 2756 adhibiti3

112 2763 847 2848 ParisiniDEFK(oodKetiamBipontiniusi
857 2764 951 2849 sunt).
962 2768 1085 2830 Ambr.
1097 2790 1122 2828 r.

112 2853 240 2930 Angel.
251 2873 326 2912 u.w.
341 2852 457 2911 Vatis.
465 2873 530 2930 n.p.
538 2873 563 2912 r.
571 2872 594 2912 s.
609 2852 694 2911 Ven.
703 2862 724 2911 t.
732 2848 912 2932 (postremus
919 2855 1123 2931 liberpriorem

112 2944 227 2996 tantum
242 2937 389 3014 Symposii
407 2947 519 3013 partem
533 2933 687 3017 continet).
709 2936 916 2996 Florentini
929 2958 957 2996 a.
971 2939 1001 2996 b.
1016 2956 1041 2997 c.
1055 2940 1076 2997 i.
1091 2958 1122 2998 n.

112 3021 278 3081 Palatini
292 3022 440 3098 Excerpta
454 3040 473 3078 a
487 3020 631 3080 Creuzero
646 3020 754 3096 publici
772 3021 842 3078 iuris
856 3021 942 3081 lacta.
964 3022 1123 3082 Praeterea

112 3105 280 3166 Riickertus
305 3105 438 3164 adhibuit
460 3105 700 3164 Raudnitiensem
724 3104 830 3163 librum
855 3115 884 3163 et
901 3099 1121 3180 Zittevieneem,

113 3192 164 3266 qui
182 3192 319 3266 quoniam
340 3189 550 3249 admirabiliter
568 3207 634 3248 cum
648 3189 816 3248 Vindobon.
832 3182 857 3246 Υ
870 3196 900 3248 et
914 3190 990 3249 Ven.
1006 3185 1029 3248 Ξ
1051 3211 1122 3252 con·

68 3285 71 3289 “
112 3278 251 3349 sentiunt,
265 3296 284 3335 a
297 3275 381 3334 nobis
394 3292 462 3333 raro
472 3284 545 3341 ,sunt
558 3272 783 3333 commemorati.

111 3399 317 3411 ————-—·-

197 3465 263 3513 inter
279 3461 373 3526 pocula
390 3462 421 3510 de
438 3476 523 3511 amore
541 3462 702 3512 disserentem
719 3461 814 3524 fingere
831 3461 961 3512 voluisset.
979 3460 1068 3527 Neque
1084 3468 1121 3515 ts·

197 3546 257 3582 men
274 3531 323 3580 hac
341 3528 486 3578 defensione
503 3530 629 3593 acquievit
644 3529 858 3590 Henricbsen.,
876 3531 958 3593 quiin
974 3532 1122 3595 Epistola

199 3599 314 3650 critica
330 3600 368 3647 ad
386 3595 453 3646 Car.
470 3597 553 3647 Frid.
570 3598 778 3647 Hermannum
799 3599 835 3648 de
851 3599 986 3649 consilio
1005 3599 1121 3650 Convi-

198 3666 242 3716 vii
257 3660 494 3730 Xenophont'ei‚
512 3664 624 3716 Sleswici
634 3681 657 3714 a
671 3670 744 3716 1⁸44.
756 3666 830 3727 edita,
848 3667 953 3730 singulis
970 3667 1121 3731 quibusdam

198 3735 317 3796 pristinae
334 3733 471 3785 sententiae
488 3730 599 3797 partibus
616 3733 719 3783 mutatis
730 3734 853 3784 rationem
864 3750 936 3785 suam
951 3735 1054 3783 omnino
1066 3733 1120 3796 qni·

200 3803 257 3851 dem
273 3803 401 3852 vindicare
417 3802 521 3852 studuit.
539 3801 658 3852 sednon
675 3802 799 3852 concessit
815 3802 854 3851 illi
871 3809 960 3865 postea
976 3802 1120 3850 Herman-

199 3882 268 3929 nus,
285 3872 323 3919 uti
339 3871 393 3935 ipse
410 3870 536 3935 professus
554 3871 635 3919 estin
653 3870 821 3935 disputatione
837 3870 881 3919 De
900 3868 1048 3918 convivii
1064 3868 1120 3918 Xe·

200 3937 374 3997 nophontei
391 3939 587 4004 temporibus
603 3937 666 3989 P.L
684 3953 709 4003 p.
721 3942 745 3987 t.
763 3937 833 3988 Gott.
845 3938 883 3988 ed.
896 3940 968 3986 1844.

519 4052 718 4062 ,ι--ι--η--ο-
