2604 4620
490 244 538 289 nn
562 239 776 290 sruroswrr.
1067 225 1140 288 'xm

139 420 181 464 an
201 396 264 462 alia
281 394 575 482 tatione'puniendi
597 404 629 460 et
649 393 826 461 coercendi·
839 434 842 443 ·
857 392 932 458 Diis
954 391 1143 478 trepidanti-

141 485 203 550 bus
232 481 418 566 dubiisque,
444 481 566 566 optima
593 480 722 545 tandem
748 477 904 544 sententia
927 478 992 563 ipsi
1017 477 1086 543 Iovi
1110 477 1146 542 in

141 577 280 634 mentem
299 565 404 644 venit3
434 565 572 630 dissonat
598 564 743 630 homines
770 563 912 649 singulos
933 563 967 627 in
988 562 1052 627 duo
1073 583 1145 627 cor·

141 674 229 739 pora,
256 672 338 736 qnae
364 649 528 716 formanda
553 649 756 734 sanandaque
777 647 918 734 Apollini
939 647 1045 712 tradit.
1080 646 1146 712 Hic

138 737 265 822 pellem,
286 747 330 801 ut
345 746 523 802 contractas
545 756 722 812 crumenas,
742 733 777 797 in
797 722 941 798 vdntrem
962 732 1089 818 colligat
1103 731 1145 796 ad

138 819 334 898 umbilicum,
356 820 479 886 vultum
500 820 596 884 etiam
608 818 644 884 in
656 819 740 884 hanc
752 828 875 904 partem
888 818 992 894 vertit,
1009 827 1047 882 ut
1060 838 1144 881 sem·

221 905 317 970 huius
344 926 465 1005 poenae
492 915 732 970 monumentum
761 903 795 967 in
825 912 954 989 promtu
978 900 1144 967 haberent.

228 991 376 1057 dissectis
396 989 442 1054 ita
462 987 653 1068 hominibus,
680 988 815 1072 quilibet
840 987 971 1052 alteram
999 987 1049 1051 sui
1070 1008 1145 1072 par-

138 1088 203 1140 tem
218 1075 402 1159 quaerebat,
424 1084 457 1140 et
470 1073 627 1160 complexi
642 1073 837 1152 seinvicem,
858 1072 991 1136 aliarum
1005 1071 1147 1138 omnium

138 1182 247 1226 rerum
268 1160 368 1238 obliti,
388 1160 600 1246 neglectoque
621 1158 693 1225 cibe
713 1168 747 1223 et
765 1168 855 1244 potu,
877 1157 999 1242 passim
1013 1157 1146 1222 emorie-

137 1243 263 1310 bantur.
298 1243 344 1310 Et
367 1244 443 1311 huic
464 1266 591 1330 quoque
619 1243 789 1310 calamitati
809 1241 956 1327 Iuppiter
982 1240 1145 1318 subvenit3

137 1351 212 1395 nam
230 1329 332 1396 versis
352 1329 604 1413 uniuscuiusque
624 1327 820 1417 genitalibus
846 1325 999 1392 membris
1025 1327 1061 1390 in
1088 1325 1147 1390 ad·

137 1436 264 1480 versam
284 1424 409 1501 partem
430 1414 547 1493 effecit,
576 1423 614 1477 ut
633 1435 699 1479 uon
718 1411 865 1497 impliciti
883 1423 1061 1489 manerent,
1090 1409 1149 1476 sed

138 1498 226 1565 coitu
255 1499 353 1564 semel
378 1498 462 1564 iacto
489 1497 597 1563 satiati
624 1497 825 1563 discederent
851 1497 894 1561 ad
920 1495 1043 1581 reliqua
1063 1495 1148 1560 vitae

139 1582 279 1670 negotia.
314 1580 437 1648 Verum
462 1579 616 1646 remansit
636 1580 671 1643 in
690 1580 854 1644 hominum
873 1581 1033 1647 mentibus
1053 1603 1147 1646 recn-

138 1666 300 1752 perandae
319 1665 438 1730 veteris
458 1674 592 1729 naturae
615 1663 772 1749 stimulus,
793 1686 857 1748 quo
877 1665 1012 1748 quisque
1030 1666 1147 1753 agitur,

140 1761 177 1814 ut
197 1759 289 1814 vetus
312 1750 362 1814 sui
382 1748 549 1817 dimidium
567 1758 717 1833 quaerat3
740 1769 803 1831 quo
824 1748 952 1814 invento
972 1771 1068 1814 verus
1090 1772 1147 1814 ex·

141 1835 224 1900 sistit
244 1855 341 1912 amor,
365 1833 462 1899 etita
475 1832 657 1910 vehemens,
678 1842 716 1897 ut
728 1832 858 1910 nullius,
878 1854 939 1897 nec
952 1833 1056 1916 ipsius
1070 1834 1148 1898 deo·

139 1941 222 1998 rum,
250 1917 410 1986 felicitatis
437 1917 618 1984 conditione
642 1938 703 1983 nos
730 1916 826 1983 avelli
846 1939 885 1982 ac
904 1916 1069 1982 dissociari
1089 1940 1148 2003 ps·

139 2004 272 2084 tiamur,
295 2003 361 2070 sed
380 2002 503 2088 potius,
531 2001 649 2070 sifieri
668 2001 787 2088 possit,
814 2024 874 2068 con
896 2001 1024 2066 lutinari
1054 2011 1148 2067 etex

138 2088 266 2156 duobus
287 2088 320 2153 in
341 2109 440 2153 unum
462 2088 603 2154 animum
623 2109 801 2175 corpusque
822 2109 860 2152 co
895 2109 1047 2171 quescere
1068 2087 1147 2152 veli·

140 2197 224 2239 mus.
258 2173 373 2258 Itaque
399 2183 437 2238 ut
462 2174 598 2258 quisque
617 2173 695 2241 clim
714 2174 766 2239 vel
787 2195 828 2240 ex
848 2194 912 2238 uno
935 2194 1014 2238 sexu
1034 2171 1149 2238 velex

140 2258 266 2325 duobus
287 2258 498 2345 compositum
518 2258 629 2323 habuit
650 2281 777 2343 corpus,
797 2259 844 2324 ita
864 2281 899 2324 se
919 2279 1005 2335 nunc
1022 2279 1149 2341 quoquc

139 2343 183 2408 ad
202 2343 333 2410 alterius
353 2365 451 2410 sexus
470 2343 634 2409 hominem
654 2343 797 2429 applicat
816 2343 1003 2426 exsistitque
1023 2341 1149 2408 varium

140 2428 293 2507 studium,
315 2428 519 2495 moechorum
532 2428 797 2512 moecharumque
812 2450 853 2493 ex
867 2427 1147 2513 annogynismt·

139 2512 259 2579 badum
280 2535 322 2580 ex
341 2513 540 2593 mulieribus,
561 2514 822 2601 paederastarum
843 2535 885 2578 ex
905 2511 1039 2597 νῶθ’).

185 2596 503 2686 Sequitur-Agatho,
531 2599 588 2684 qui
613 2598 648 2664 in
695 2598 815 2664 riorum
841 2595 1037 2662 orationibus
1057 2605 1150 2661 acute

139 2681 176 2747 id
195 2683 410 2770 reprehendit,
432 2683 519 2771 quod
538 2685 574 2750 in
593 2705 683 2770 operi
706 2706 745 2749 us
766 2682 894 2762 amoris,
915 2704 980 2748 non
995 2681 1030 2746 in
1043 2702 1150 2746 amore

139 2768 212 2854 ipsc
233 2779 416 2835 consumtae
436 2779 553 2835 essent.
588 2768 703 2854 Itaque
728 2769 878 2834 facultate
902 2766 1028 2853 poetica
1048 2766 1059 2830 i
1085 2765 1152 2830 sius

139 2852 313 2952 imaginem
333 2853 450 2919 amoris
469 2854 629 2920 informat.
664 2853 737 2921 Non
758 2853 853 2932 enim,
874 2852 988 2936 inquit,
1009 2860 1047 2915 ut
1097 2872 1151 2913 ar-
1246 2862 1252 2869 ”

139 2937 283 3002 memdes
297 2936 524 3022 Hesiodusque
538 2939 730 3016 cecinerunt,
753 2937 995 3021 antiquissimus
1010 2945 1059 2999 est
1072 2934 1149 2998 deo·

141 3041 229 3098 rum,
251 3021 463 3098 adinvenis,
484 3022 598 3099 mollis,
620 3032 720 3100 tener,
742 3021 885 3097 floridus,
907 3018 1075 3105 pravitatis
1089 3018 1147 3082 de·

140 3104 375 3188 formitatisque
395 3104 553 3184 inimicus,
579 3104 692 3170 fertior
719 3107 806 3170 omni
826 3106 860 3170 vi
880 3115 975 3187 atque
995 3101 1150 3189 potentia,

140 3189 275 3255 deorum
294 3188 520 3273 bominumque
539 3190 746 3277 gubernator,
768 3190 811 3254 ad
830 3210 940 3254 omnes
954 3198 1038 3253 artes
1052 3185 1149 3252 disci·

140 3275 310 3362 plinasquc
336 3274 529 3340 certissimus
556 3275 622 3340 dux
652 3274 809 3362 [adeoque
837 3271 1149 3362 singulariiustitia,

141 3358 362 3461 temperantia,
391 3359 586 3438 fortitudine,
608 3361 764 3446 sapientia
784 3360 921 3444 denique
941 3358 1086 3446 insignis,
1114 3367 1150 3422 ut

141 3454 253 3510 merito
274 3453 389 3509 natura
417 3467 475 3511 sua
501 3455 534 3510 et
554 3445 761 3532 pulcerrimus
783 3456 816 3511 et
836 3445 975 3530 optimus
997 3465 1068 3509 esse
1090 3465 1147 3508 ex·

94 3553 97 3561 ¹
140 3529 328 3619 istimetur].
362 3529 473 3615 Atque
500 3529 560 3595 hac
587 3532 729 3597 oratione
755 3531 805 3607 ita
828 3529 1000 3596 exsultavit
1023 3529 1149 3594 iuvenis

140 3614 315 3703 ingenium,
338 3626 375 3680 ut
395 3638 504 3682 omnes
519 3616 671 3683 convivae
686 3616 797 3682 eadem
811 3616 926 3681 mentis
940 3614 1150 3681 concitatione

141 3697 268 3786 abrepti
292 3701 482 3787 plauderent
510 3712 543 3767 et
570 3724 634 3767 unc
655 3724 710 3768 cre
728 3702 905 3775 clamarent
926 3701 1056 3791 diguam
1077 3720 1149 3764 eum

87 3848 92 3857 ,
143 3792 177 3848 et
197 3805 232 3850 se
250 3786 321 3872 ipso
343 3797 374 3852 et
395 3787 456 3854 dec
477 3787 630 3855 habuisse
649 3787 894 3873 orationem**).

143 3920 342 3932 -—-—...—.

184 3971 211 4036 *)
229 3988 254 4038 p.
269 3977 404 4027 rsus-
419 3985 474 4030 raa.
486 3982 520 4031 D.

171 4057 211 4122 rt)
228 4075 253 4125 p.
269 4065 323 4112 193.
336 4063 358 4112 Ε
371 4103 402 4112 ..
417 4068 471 4114 iat.
483 4065 514 4114 Ε.
