2604 4620
358 1092 366 1102 .
395 1029 784 1100 CORRIGENDA.

483 1227 681 1236 -ι--η-

109 1292 121 1323 9

77 1375 143 1441 Pag.
167 1375 189 1429 1.
206 1391 263 1429 ann.
281 1379 330 1431 col.
350 1378 369 1429 1.
389 1395 455 1431 vers.
475 1381 500 1434 7.
520 1382 552 1432 ub
570 1380 614 1435 inf.
633 1380 691 1433 dele
708 1381 791 1445 ipse.

94 1478 107 1507 «
144 1459 185 1513 57.
207 1476 264 1512 ann.
283 1464 332 1513 col.
354 1464 384 1516 11.
403 1481 470 1517 vers.
489 1465 514 1518 7.
534 1466 565 1516 ab
584 1465 626 1516 inf.
648 1469 706 1531 lege
726 1480 795 1516 eum
815 1477 959 1528 procum.

95 1564 107 1593 (ι
143 1544 185 1600 62.
202 1562 259 1599 nnn.
279 1550 328 1599 col.
347 1549 380 1600 ΙΙ.
400 1566 466 1601 vers.
487 1550 511 1603 6.
532 1549 628 1601 abins.
652 1553 712 1616 lege
735 1550 888 1600 breviter
912 1562 960 1613 pro
979 1547 1059 1596 brev
1068 1545 1089 1596 ἰ-

280 1639 360 1685 tate.
686 1684 689 1691 ,

95 1731 108 1762 (ε
145 1714 186 1769 72.
205 1733 261 1768 ann.
283 1720 333 1769 col.
349 1719 369 1768 1.
390 1734 456 1769 vers.
478 1719 517 1772 11.
538 1720 596 1782 lege
614 1717 672 1768 Sic
690 1733 737 1783 pro
756 1716 823 1767 Six.
865 1774 872 1784 ,

96 1816 109 1847 <t
146 1801 187 1856 76.
207 1818 265 1855 ann.
285 1805 335 1855 col.
354 1804 374 1854 1.
391 1818 460 1854 vers.
477 1801 502 1853 4.
520 1803 579 1866 lege
600 1803 709 1852 solito
728 1816 775 1866 pro
794 1816 841 1866 eo,
861 1797 931 1864 quod
949 1813 1017 1850 nunc
1037 1800 1090 1865 pri-

278 1902 349 1938 mum
369 1902 457 1938 errore
474 1886 605 1937 invectum
625 1891 679 1949 eut,
699 1886 827 1938 solitis.

96 1989 108 2018 «
131 1972 188 2026 116.
208 1988 267 2024 ann.
287 1973 336 2021 col.
356 1972 375 2021 1.
395 1986 461 2021 vers.
484 1969 524 2024 13.
541 1986 623 2037 ponas
643 1970 718 2022 vide
735 1977 796 2036 post
815 1969 1024 2023 inferiorem.

96 2054 189 2430 (7113.
201 2071 258 2106 ann.
269 2056 359 2106 coLll.
373 2071 441 2106 vers.
457 2054 495 2108 14.
510 2031 568 2122 siege
586 2061 791 2122 usurpatam
812 2071 859 2122 pro
877 2062 1090 2123 usurpatum.

13 2146 18 2219 J
94 2161 107 2191 «
165 2140 190 2194 2.
209 2155 268 2192 ann.
287 2142 336 2192 col.
355 2141 375 2193 1.
392 2157 416 2193 v.
439 2140 464 2194 9.
484 2144 541 2208 lege
558 2141 652 2193 Haec
670 2157 718 2206 pro
736 2142 815 2195 H.-e.

147 2293 203 2344 Alia
226 2294 321 2346 leviora
345 2301 406 2348 sunt
428 2311 507 2362 quam
531 2300 561 2346 ut
584 2295 618 2347 de
647 2296 678 2346 iis
708 2295 847 2360 quidquam
871 2293 1089 2346 commonendum

73 2381 202 2433 videatur.
