2604 4620
505 232 554 306 Al)
576 194 793 281 SYMPOAIUM.
1115 240 1153 286 IX

139 403 221 462 seor,
242 382 393 448 inritatus
408 383 662 463 adconvivium3
684 408 759 451 nam
778 384 857 467 heri,
881 408 981 472 quum
999 387 1152 455 victoriae

138 490 216 534 suae
238 468 378 556 tragicae
398 470 516 537 festum
536 469 721 550 celebraret,
743 472 832 536 nolui
847 472 1053 537 convivarum
1067 475 1152 539 mul-

137 553 266 617 titudini
286 576 337 619 me
357 555 673 641 immiscererquare
685 556 827 640 promisi
848 556 878 621 ei
899 556 996 622 hodie
1020 559 1062 622 ad
1077 581 1149 625 eoe-

137 660 225 717 nam,
253 648 349 726 atque
375 639 421 704 ita
446 661 498 704 me
525 640 655 718 ornavi,
681 650 718 704 ut
745 643 876 731 elegans
903 642 945 707 ad
972 642 1152 729 elegantem

366 758 372 792 .
672 720 748 803 at

217 863 306 923 tuisse,
327 869 356 914 ut
376 864 431 928 ipse
453 870 508 915 tum
530 880 589 917 cum
611 863 717 916 Socrate
740 869 942 930 congrederetur,
964 865 1151 931 quippe-cuius

219 930 389 981 familiaritate
409 933 525 982 nondum
547 948 592 998 per
612 932 739 997 integrum
759 934 890 984 biennium
907 940 1000 984 utatur.
1034 934 1077 985 Ex
1098 950 1150 998 quo

219 999 357 1049 clarissime
376 995 531 1064 {intelligitur
560 1000 721 1063 Glauconem
740 999 935 1052 'istum‘reruni
963 1004 1019 1053 tum
1040 1002 1151 1054 Athenis

219 1073 348 1129 gestarum
368 1067 546 1118 minusfuisse
562 1070 697 1119 curiosum.
726 1069 814 1135 Atque
836 1069 904 1120 idem
925 1070 1024 1131 virimar
1041 1071 1117 1121 etiam
1135 1068 1167 1121 a⁴

209 1129 384 1199 ‘philosophia
394 1134 473 1187 fuhse
484 1137 599 1198 alienior,
618 1138 825 1203 quaudoquirhm
836 1130 1013 1203 Apollodorus
1025 1138 1049 1187 ei
1066 1139 1151 1189 iocose

217 1203 292 1253 vertit
308 1205 453 1267 opprobrio,
471 1205 540 1268 quod
557 1204 644 1267 omnia
660 1205 712 1269 alia
728 1205 802 1255 malit
815 1219 892 1268 quam
903 1205 1084 1269 philosophiae
1096 1213 1120 1263 st
1138 1236 1150 1248 -

186 1267 189 1271 '
217 1271 288 1319 dimu
305 1284 405 1333 curare;
428 1272 460 1322 de
482 1286 533 1337 qua
553 1287 580 1322 re
597 1285 621 1322 v.
638 1287 664 1336 p.
683 1275 740 1324 173.
755 1272 789 1322 A.
824 1272 906 1323 Addit
927 1273 1017 1322 deinde
1038 1272 1149 1337 Apollo-

126 1370 129 1379 ·
216 1339 292 1388 dorus
316 1337 462 1402 Agathonis
487 1341 633 1401 coendum
658 1342 686 1390 in
709 1342 739 1390 'ea
760 1341 878 1391 incidisse
903 1346 1030 1404 tempora,
1058 1342 1150 1404 quibus

215 1405 270 1469 ipse
286 1407 370 1456 adhuc
386 1406 464 1457 fuerit
479 1409 609 1471 puerulus,
627 1409 834 1472 quandoquidem
851 1409 917 1458 illud
934 1410 1089 1459 celebratum
1108 1408 1149 1471 sit,

215 1489 295 1537 quum
311 1475 417 1537 Agatho
435 1476 517 1539 prima
538 1477 671 1539 tragoedia
687 1476 714 1525 in
731 1484 859 1527 certamen
876 1477 1013 1527 commissa
1029 1477 1150 1527 victoriae

214 1542 356 1604 praemium
372 1544 543 1605 reportaverit.
555 1584 558 1591 .
568 1545 614 1601 Eu
629 1545 720 1604 quibus
737 1544 819 1593 verbis
836 1551 949 1608 apparet,
966 1545 1069 1608 quando
1086 1560 1148 1594 con-

214 1608 317 1667 vivium,
336 1609 367 1657 de
384 1623 435 1672 quo
452 1616 574 1670 narratur,
591 1624 678 1659 revera
694 1610 770 1659 fuerit
786 1612 936 1672 institutum,
960 1613 1053 1675 quippe
1070 1626 1149 1675 quum

215 1676 352 1723 memoriae
368 1676 507 1738 prodiderit
524 1675 708 1726 Athenaeus
719 1677 775 1725 Lib.
785 1678 819 1727 V.
832 1692 856 1740 p.
870 1681 928 1728 217.
942 1678 971 1728 0.
984 1680 1023 1727 ed.
1036 1679 1145 1729 Oasauh

216 1749 242 1790 et
259 1742 369 1791 incertus
381 1742 563 1806 Olympiadum
581 1744 688 1805 scriptor
705 1745 738 1792 ad
750 1744 851 1807 Olymp.
864 1744 922 1801 XC.
936 1751 959 1794 4.
982 1746 1149 1807 Agathonem

215 1808 325 1872 primum
347 1810 374 1858 iu
395 1810 552 1872 tragicarum,
574 1809 719 1860 fabularum
747 1812 926 1861 commissione
952 1813 1074 1861 archonte
1097 1815 1148 1864 Eu-

215 1875 310 1940 phemo
324 1876 427 1947 Qlymp.
438 1877 494 1928 XC.
507 1883 531 1926 4.
549 1877 575 1925 in
592 1878 700 1927 Lenaeis
717 1885 859 1942 reportasse
875 1879 1016 1928 victoriam.
1034 1879 1077 1928 Ex
1095 1896 1146 1942 quo

121 1964 125 1981 =
215 1942 331 2007 prolecto
348 1945 468 2008 sequitur,
485 1951 515 1994 ut
532 1947 623 1995 eodem
640 1951 752 2008 tempore
769 1944 886 1994 habitum
903 1945 936 1994 sit
948 1947 1098 2008 convivium,
1116 1949 1148 1997 de

181 2022 185 2035 '
215 2026 267 2074 quo
278 2012 356 2062 Plato
374 2012 401 2061 in
417 2013 483 2062 libro
496 2013 647 2076 cognomine
658 2013 785 2077 exposuit.
804 2011 966 2076 Quamquam
977 2015 1053 2075 fidem
1064 2015 1147 2065 Athe-

214 2080 273 2129 naei
290 2080 452 2143 suspiciosior
468 2080 560 2143 aliquis
577 2079 652 2131 facile
672 2080 731 2129 ideo
754 2080 781 2129 in
804 2081 989 2131 dubitationem
1010 2085 1146 2145 vocaverit,

215 2147 285 2210 quod
301 2148 481 2210 grammaticus
498 2148 546 2198 iste
563 2148 659 2198 saeculi
676 2148 743 2198 tertii
760 2155 820 2213 post
838 2147 900 2200 Chr.
917 2165 943 2198 n.
961 2150 1064 2199 delinire
1081 2151 1146 2200 adeo

214 2230 290 2264 ausus
307 2223 351 2277 est,
371 2223 434 2280 quot
449 2231 554 2266 numero
573 2215 693 2269 convivae
710 2216 791 2280 epulis
809 2216 860 2267 illis
877 2215 1042 2267 interfuerint.
1069 2219 1147 2269 Putat

215 2281 283 2331 enhn
304 2282 408 2334 affuisse
428 2284 546 2335 convivas
569 2284 764 2346 duodetriginta.
799 2284 837 2335 At
863 2285 931 2333 enim
954 2299 1013 2334 vero
1036 2287 1146 2336 confisus

214 2349 258 2399 ille
274 2349 324 2400 hac
340 2366 367 2401 re
383 2353 483 2402 videtur
504 2352 658 2414 auctoribus,
682 2352 727 2416 qui
746 2352 787 2402 usi
808 2351 1019 2403 assentientibus
1036 2355 1146 2416 antiqui-

213 2418 307 2468 oubus.
341 2418 450 2470 Accedit
467 2421 544 2471 etiam
561 2419 694 2470 consensio
712 2419 815 2471 alterius
833 2421 994 2484 chronologi,
1013 2421 1057 2484 qui
1079 2429 1146 2471 certe

213 2500 260 2536 sua
276 2501 330 2537 non
346 2488 445 2538 videtur
462 2504 495 2538 ex
511 2503 563 2538 uno
582 2488 718 2538 Athenaeo
736 2488 860 2539 hausisse.
894 2487 985 2551 Itaque
1006 2489 1034 2537 iu
1056 2503 1086 2538 ea
1104 2504 1145 2538 su·
1194 2500 1200 2507 ‘
1228 2544 1232 2554 Ι

109 2562 116 2621 Ἰ
202 2556 269 2603 'mus
291 2555 421 2618 sententia,
444 2563 474 2606 ut
494 2556 792 2608 Athenaeitestimouio
816 2557 940 2606 cum-Fr.
961 2556 997 2605 A.
1020 2555 1144 2606 Wolfio

212 2621 320 2686 aliisque
338 2625 517 2674 confidendum
534 2639 589 2676 esse
600 2624 756 2687 arbitremur,
773 2623 921 2688 praesertim
933 2638 1012 2688 quum
1023 2624 1069 2674 illo
1082 2631 1146 2674 tem·
1224 2658 1228 2667 .

211 2703 274 2753 pore
291 2692 368 2741 etiam
385 2708 482 2755 omnes,
506 2694 550 2757 qui
567 2692 682 2743 convivio
700 2691 844 2744 interfuisse
865 2693 1003 2755 finguntur,
1025 2707 1058 2742 ne
1075 2693 1146 2742 Alci-

211 2757 285 2808 biade
308 2759 411 2823 quidem
433 2770 554 2826 excepto,
580 2760 692 2811 Athenis
714 2761 808 2812 versari
831 2761 967 2824 potuerint.
1004 2758 1063 2810 Iam
1085 2776 1145 2810 vero

211 2831 312 2891 tempus
334 2828 415 2877 habiti
437 2830 560 2893 colloquii
581 2829 656 2879 facile
679 2837 785 2893 apparet
809 2828 1014 2892 distinguendum
1036 2843 1090 2877 esse
1113 2829 1145 2876 ab

212 2906 243 2941 eo
260 2901 383 2971 tempore,
401 2911 451 2959 que
469 2897 646 2960 Apollodorus
663 2896 694 2946 de
711 2896 759 2945 illo
781 2896 893 2946 narrarit
909 2895 1083 2944 familiaribus.
1112 2897 1147 2945 Et

212 2959 264 3008 hoc
281 2962 383 3024 quidem
398 2963 443 3012 ille
461 2978 515 3013 sese
527 2963 637 3013 affirmat
647 2961 739 3014 fecisse
750 2964 797 3024 bis,
816 2963 1022 3026 quandoquidem
1036 2963 1146 3025 primum

211 3041 265 3075 rem
283 3031 429 3092 exposuerit
446 3030 581 3092 Glauconi,
598 3030 685 3093 paullo
704 3038 764 3095 post
781 3037 867 3079 autem
884 3033 991 3079 eandem
1007 3031 1145 3078 narraverit

211 3094 251 3155 iis,
274 3096 318 3158 qni
340 3097 407 3159 apud
423 3098 559 3158 Platonem
575 3097 660 3161 ipsum
677 3099 783 3147 audiunt
803 3098 881 3146 verba
897 3095 1039 3147 facientem.
1070 3096 1146 3156 Quod

171 3205 173 3211 .
213 3164 314 3225 quaudo
331 3162 428 3227 iactum
445 3167 486 3227 sit,
503 3165 564 3214 item
584 3164 675 3213 certius
693 3165 791 3214 definiri
811 3170 902 3231 potest
937 3163 1055 3213 Meminit
1078 3165 1145 3212 euim

210 3229 388 3296 Apollodorus
405 3234 474 3296 apud
484 3232 621 3282 Platonem
632 3231 747 3283 Socratis
759 3232 802 3293 ita,
819 3238 849 3280 nt
864 3230 935 3280 hunc
951 3238 1072 3294 appareat
1089 3238 1145 3280 tum

211 3297 297 3348 aditum
313 3298 340 3347 in
357 3299 420 3349 viris
436 3299 529 3365 fuisse„
556 3300 624 3352 Nam
641 3314 699 3364 cap.
716 3301 750 3351 V.
768 3301 832 3351 haec
850 3298 921 3348 dicit:
940 3289 1035 3363 dp‘cot
1048 3289 1071 3346 δ’
1087 3296 1144 3362 ἐγὼ

211 3406 244 3415 ..
261 3358 399 3431 Σωκράτει
416 3361 614 3433 συνδιατρίβω,
636 3362 745 3417 οὐδέπω
766 3360 828 3433 τρία
849 3360 898 3431 ἔτη
920 3359 1001 3421 idria
1028 3366 1070 3417 nx
1092 3382 1143 3430 quo

137 3485 140 3492 ,
211 3432 332 3498 sequitur,
354 3443 384 3484 ut
404 3436 515 3486 narratio
533 3436 646 3485 hominis
664 3444 722 3486 aute
740 3435 843 3499 Olymp.
859 3432 944 3484 XCV.
955 3424 986 3484 x1.
1004 3432 1072 3485 facta
1089 3451 1144 3485 esse

210 3504 324 3566 putanda
341 3504 381 3566 sit,
399 3519 450 3567 quo
468 3520 535 3554 anne
548 3503 678 3554 Socratem
696 3503 820 3571 suppliclo
839 3502 959 3552 affectum
970 3516 1025 3552 esse
1037 3511 1143 3553 constat.

210 3569 302 3635 Itaque
329 3571 465 3622 clarissime
492 3573 642 3635 intelligitur
667 3570 860 3636 Apollodorum
884 3585 949 3633 quae
971 3580 1055 3625 narret
1077 3573 1144 3620 iutra

211 3639 314 3704 Olymp.
326 3639 383 3690 XO.
396 3647 421 3691 t.
439 3647 465 3691 et
477 3639 676 3705 Olymp'XOV.
690 3647 713 3690 1.
728 3640 844 3689 retulisse
855 3640 938 3703 putari
950 3648 1073 3703 oportere.
1092 3639 1143 3689 Sed

210 3715 297 3770 potest
319 3715 418 3774 tempus
440 3709 592 3759 narrationis
614 3710 691 3758 etiam
708 3708 839 3770 aliquanto
858 3707 977 3758 constitui
994 3707 1141 3757 accuratius.

210 3770 370 3839 Numquam
380 3777 558 3841 Apollodorus
569 3777 638 3842 apud
649 3777 783 3827 Platonem
798 3791 824 3840 p.
838 3777 894 3826 rte.
906 3775 941 3826 A.
954 3789 1008 3824 sese
1024 3774 1141 3832 fateatur,
1242 3778 1250 3787 ‘

137 3886 140 3890 .
213 3854 264 3903 quo
283 3850 396 3909 tempore
406 3845 554 3908 Agathonis
572 3844 716 3894 convivium
733 3842 888 3894 celebratum
905 3844 945 3903 sit,
963 3842 1047 3892 adhuc
1063 3839 1142 3890 luisse

213 3910 359 3973 pecudum,
386 3920 477 3976 sponte
497 3912 647 3976 intelligitur
677 3927 735 3962 eum
762 3919 852 3976 postca
872 3914 985 3969 demum,
1011 3908 1141 3970 aliquanto

214 3973 310 4026 factum
333 3980 492 4042 adultiorem,
514 3995 568 4030 rem
591 3994 649 4030 cum
671 3980 837 4032 familiaribus
859 3976 1090 4036 communicavisse,
1113 3983 1141 4025 ut

214 4057 267 4098 non
288 4046 398 4100 multum
414 4046 626 4113 felli‘videamur,
648 4049 670 4102 si
692 4063 750 4102 eum
771 4055 911 4102 statuamus
933 4061 985 4098 uon
1006 4044 1042 4096 ita
1059 4044 1140 4095 multo
