2604 4620
151 228 197 321 ss
517 224 785 297 eurr-oure
812 240 851 249 ··
926 242 936 273 ·-

124 491 128 499 ,
153 405 236 496 φησὶ
255 397 338 490 μετὰ
366 397 406 473 rd
429 399 516 489 χάος
540 397 601 470 δύο
626 398 733 473 τούτω
759 404 937 487 γενέσθαι,
962 404 1026 489 file
1052 427 1094 472 η
1114 408 1195 475 καὶ.

19 510 101 605 ”⁸7
114 497 290 594 imma·
339 506 555 590 Πᾳθμθὶἶὸηθ
578 505 613 570 δὲ
642 499 706 584 τὴν
731 505 765 571 Γ
761 512 864 571 iurum
889 507 982 588 leyen,

257 600 445 695 πρώτιστον
468 608 530 692 μὲν
544 599 676 694 Ἔρωτα
700 607 795 673 θεῶν
819 609 982 693 μητίσατο
1019 601 1176 675 πάντων.
1216 686 1219 691 ,

277 701 585 761 ,(χοκ)·γῃ,..»9.,(ιηηιμ.
599 684 624 782 ,¹34
637 682 806 748 [We-redon
826 697 902 749 u'w„
919 708 971 741 eeu}
986 688 1201 777 §intimi-l
1213 731 1232 749 a·

298 787 384 844 >estol

226 870 302 937 φησὶ
328 867 409 939 μετὰ
439 868 475 921 τά
506 868 584 935 χάος
607 897 643 909 ·-
667 871 830 936 μητίσατο
858 869 1000 936 πάντων]
1036 869 1176 926 Stobsetts

158 939 269 1006 Eclogg.
291 939 369 1004 Plrys.
389 940 408 991 l.
427 955 452 1005 p.
474 940 547 1003 154„
572 939 616 990 ubl
638 945 722 990 tetum
747 938 812 990 lrnnc
828 940 913 991 locum
934 941 1084 1006 exscripsit,
1110 941 1177 994 llaec

159 1010 255 1062 verber
275 1011 338 1073 φησὶ
355 1006 419 1074 μετὰ
439 1005 469 1058 τὸ
488 1006 606 1070 χάος-
622 1005 739 1070 πάντων,
758 1009 853 1062 omisit.
891 1010 926 1060 Et
942 1025 989 1076 pto
1008 1010 1176 1072 glossemate

160 1094 193 1131 ea
216 1077 302 1129 lubuit
329 1079 477 1142 lleynius
501 1079 526 1129 iu
551 1077 738 1129 Commentntt.
762 1077 841 1132 Acnd,
860 1078 942 1132 Puris.
961 1078 1078 1145 inscript.
1098 1079 1135 1134 Τ.
1154 1080 1174 1135 1.

161 1164 188 1214 p.
208 1146 281 1208 377„
304 1147 347 1212 nui
371 1163 401 1197 eu
423 1145 568 1211 suspicatus
592 1152 633 1196 est
657 1161 689 1196 ex
714 1146 847 1200 Aristotel.
870 1145 1015 1212 Metnplrys.
1033 1147 1053 1199 1.
1072 1146 1097 1199 t.
1124 1147 1175 1200 nne

160 1218 283 1268 translata
306 1231 372 1268 esse.
415 1217 453 1268 ltn
478 1216 556 1265 etiarn
577 1214 693 1264 Aetius
720 1221 747 1264 et
769 1215 900 1280 Voegelin.
920 1213 1007 1268 Praei.
1026 1215 1059 1266 ad
1078 1217 1174 1290 Symp.

65 1324 68 1331 ,
161 1285 201 1338 ed.
221 1284 285 1336 Tur.
305 1285 365 1337 min.
383 1299 411 1349 p.
434 1283 450 1336 4
473 1299 530 1348 sqq.
557 1283 705 1347 dequibus
729 1298 753 1337 v.
777 1283 850 1337 inira.
887 1285 1039 1350 Asyndeton'
1057 1285 1083 1336 in
1113 1301 1176 1337 ver-

159 1354 199 1405 bis
218 1351 368 1418 surripuerit
391 1350 423 1402 τὸ
446 1351 512 1416 χάος
528 1351 634 1403 Wolfltts
653 1351 788 1403 scribendo
805 1351 867 1418 φηολ
885 1352 915 1417 δὴ
935 1373 963 1421 μ,
980 1370 1003 1402 τ.
1020 1370 1062 1417 χ.,
1088 1353 1175 1406 Heln-

161 1422 256 1474 dorm·
281 1429 342 1487 post
358 1419 434 1485 Ἔρος
463 1420 600 1472 inserendo
622 1417 658 1479 te
687 1436 810 1473 amouere
838 1423 999 1474 studuerunt.
1040 1422 1179 1475 nomme»

160 1493 211 1543 lius
235 1490 319 1545 conl:
341 1488 400 1540 ἀλλ’
422 1487 545 1548 Ἡσίοδος
567 1495 669 1556 πρῶτον
690 1493 737 1556 ptis
757 1488 823 1556 χάος
841 1491 904 1557 φησὶ
924 1495 1059 1560 γινέσθαι·
1084 1491 1179 1560 αὐτὰρ·

196 1661 273 1729 φησὶ
306 1655 386 1727 μετά
423 1657 459 1711 τὸ
494 1656 576 1725 χάος
607 1686 641 1701 ·-
691 1658 1177 1727 turchutAtuul.p·75ll.E.‚itu

155 1728 290 1797 Ἔρωτα]
309 1728 458 1796 Asyndeton
477 1743 509 1780 ne
524 1729 641 1794 mireris3
691 1726 807 1794 effertur,
825 1735 868 1794 ut,
887 1728 920 1781 ad
935 1728 1066 1796 quodnam
1084 1730 1175 1793 subie-
1194 1758 1198 1766 ·

163 1804 224 1853 runt
259 1799 325 1852 enim
362 1797 426 1850 luen
458 1796 642 1851 admonitionis
692 1805 763 1852 ctum
793 1797 958 1855 referendum
993 1798 1029 1857 sit
1062 1800 1173 1853 verbum

164 1868 246 1936 gretie
265 1868 344 1920 veluti
362 1865 404 1918 διὰ
422 1870 502 1936 μέσου
521 1867 617 1919 eddila-
647 1864 651 1875 ’
690 1869 834 1937 μητίσατο,
857 1868 941 1935 primo
967 1873 1039 1921 certe
1063 1874 1173 1937 aspectu

199 1937 277 2002 φησὶ
311 1935 392 2004 μετὰ
428 1934 462 1988 τὸ
499 1935 580 2001 χάος
607 1961 642 1970 -
692 1938 718 1990 in
742 1936 865 2003 ambiguo
887 1936 1170 2005 minimatum-Quod

164 2005 309 2072 πάντων]
346 2005 420 2056 llaec
452 2006 531 2056 verbs
557 2004 644 2068 tley-
694 2023 743 2072 ego
774 2006 834 2057 olim
865 2007 1010 2070 strepicntus
1037 2020 1104 2075 tuns.
1139 2005 1166 2059 in

165 2075 216 2127 nlo
239 2068 352 2138 aliisque
371 2080 492 2139 suspects
511 2074 564 2129 risa
585 2088 644 2124 esse
694 2075 780 2127 verbis
806 2072 853 2137 τὴν
878 2077 972 2139 γένεσιν
1001 2076 1068 2142 λάχῃ,
1084 2072 1165 2141 conti-

164 2144 191 2195 ln
223 2143 401 2193 annotatione·
420 2143 509 2193 critica
532 2142 645 2194 nnrravi-
694 2144 748 2195 neri
767 2143 875 2194 subiecti
893 2143 1114 2215 significationem,
1141 2138 1169 2193 id

165 2225 232 2263 mus.
269 2211 421 2276 Quanquam
440 2211 470 2261 iis
487 2211 576 2262 eiectis
594 2224 644 2261 nou
695 2213 807 2264 coniecit
841 2211 920 2263 etium
958 2213 1169 2274 Hermum,

166 2278 258 2344 rideo,
289 2280 332 2344 qni
364 2279 458 2331 deinde
485 2279 535 2331 dici
562 2280 646 2344 possit
694 2283 737 2348 qui
756 2286 824 2332 teste
841 2279 966 2332 Koclsio
985 2280 1173 2335 nreol'rael'at.

166 2345 236 2401 orirer
265 2347 435 2410 πολλαχόθεν
470 2345 644 2414 ὁμολογεῖται.
696 2349 729 2402 nd
755 2349 884 2400 Additum.
916 2349 941 2400 in
962 2349 1032 2405 Tim.
1057 2350 1123 2405 Lex.
1147 2366 1174 2417 p·

167 2416 270 2485 Quippe
299 2418 433 2469 ridiculum
466 2425 493 2468 et
528 2419 644 2482 ineptum
695 2419 745 2471 Xll
764 2434 802 2483 sq.
842 2421 960 2482 sterno,
984 2421 1058 2470 litera
1078 2418 1175 2470 maius·

166 2503 249 2555 paene
276 2494 360 2550 esset,
393 2488 450 2538 solo
478 2487 588 2538 Hesiodi
618 2492 645 2537 et
696 2489 753 2539 culn
784 2487 885 2546 initiali,
918 2487 1083 2538 scribendum
1112 2503 1175 2540 ceu·

167 2556 283 2608 Acusilri
312 2556 460 2607 testimonio
485 2557 578 2620 allato,
608 2555 643 2606 its
694 2556 753 2606 snit.
788 2555 846 2609 Qua
859 2555 958 2606 ratione
969 2557 1079 2622 probata
1090 2557 1176 2608 omnis

165 2625 646 2758 tttllttuttlttttttt
694 2627 771 2759 {lit
789 2628 897 2757 lint
911 2626 1176 2759 titillent:

165 2761 323 2822 dicimus,
355 2759 547 2828 Cupidinem
570 2775 646 2812 esse
695 2763 810 2814 cessario
837 2761 910 2814 litera
944 2765 1084 2817 maiuscula
1108 2764 1176 2816 scri·

167 2830 258 2882 deum
311 2833 409 2896 longe
455 2830 646 2895 antiquissi-
695 2831 809 2883 bendum
833 2848 907 2895 esse,
931 2832 1000 2897 quod
1026 2847 1076 2889 nec
1097 2833 1175 2886 Kar-

165 2915 255 2952 mum.
289 2898 463 2951 Tolerabilior
486 2905 558 2952 certe
583 2898 648 2950 liaeo
697 2901 806 2952 steuio
833 2901 872 2953 lie
898 2902 1018 2953 Permen.
1048 2902 1176 2969 Reliquis

166 2969 250 3021 oratio
280 2973 320 3020 est
352 2975 455 3020 servata
485 2967 647 3019 Parmenidis
696 2987 721 3035 p.
748 2968 796 3024 119
819 2985 856 3034 sq.
882 2977 995 3022 nostram
1022 2972 1176 3036 explicatio·

167 3039 313 3090 mentiones
337 3052 414 3102 quam
439 3051 486 3087 cur
505 3037 646 3098 Stobeeus,
696 3052 755 3089 nem
780 3041 936 3104 amplexanti
960 3041 1042 3090 visum
1068 3048 1108 3092 est
1129 3056 1176 3092 ne·

168 3109 212 3159 ubi
231 3105 426 3158 huncPlrtonis
445 3108 530 3156 locum
550 3105 647 3158 exscri—
697 3109 847 3158 cessarium.
883 3107 983 3158 Etenim
998 3124 1076 3174 quum
1095 3111 1175 3177 ruffio

166 3177 236 3242 psit,
253 3177 391 3238 omiserit,
415 3175 481 3227 rstio
507 3174 580 3226 reddi
598 3190 647 3240 po·
697 3175 765 3228 Eros
788 3192 834 3241 pro
850 3174 1005 3242 Ἀφροδίτης
1024 3178 1077 3228 lilio
1092 3177 1174 3245 *lrabe-

167 3251 221 3297 test
238 3247 301 3295 satis
319 3244 424 3297 idonee.
452 3243 559 3295 Accedit
576 3241 646 3309 quod
696 3250 784 3306 retur,
810 3245 979 3296 Parmeniden
999 3244 1064 3297 hanc
1082 3247 1120 3299 sic
1137 3247 1174 3297 iu·

167 3312 268 3378 Agrtlro
300 3314 324 3364 in
355 3329 399 3374 es,
434 3328 511 3375 quum
546 3314 647 3372 recitet,
698 3319 929 3378 terpretatorem,
955 3318 984 3365 ut
1005 3314 1066 3365 rim
1086 3321 1175 3367 netu·

167 3382 285 3433 oratione
316 3398 374 3446 cap.
406 3381 500 3434 XVlll.
536 3379 647 3433 Phaedri
698 3397 753 3433 rae
778 3383 1018 3448 generatricem
1048 3383 1175 3449 intellge-

167 3449 232 3502 lumc
262 3451 415 3501 sententiam
446 3449 561 3502 relutnns
596 3462 647 3501 nou
698 3456 747 3502 ret.
783 3452 995 3519 Aqunprimum
1011 3452 1105 3504 exiisse
1123 3460 1176 3504 ste-

167 3520 250 3570 solum
275 3517 397 3582 Hesiodi,
415 3520 462 3571 sed
480 3521 557 3570 etiarn
581 3518 647 3570 Per·
698 3520 747 3569 tuit
771 3521 880 3570 coeundi
909 3521 1069 3586 appetitum,
1099 3536 1177 3586 quern

166 3587 276 3640 menidis
293 3586 375 3639 iniicit
392 3587 556 3640 mentionem.
593 3587 647 3637 lta·
698 3588 823 3639 intellexit
841 3592 971 3653 Amorem.
1007 3589 1048 3640 Ex
1067 3588 1114 3641 me
1130 3605 1177 3640 ne-

166 3672 217 3723 que
243 3671 293 3722 ego
314 3657 342 3714 jn
371 3671 403 3708 ea
429 3671 486 3705 sum
511 3654 646 3718 sententis,
697 3671 727 3707 ro
746 3657 927 3708 observatione
951 3658 1106 3723 perspicitur
1127 3659 1177 3711 eti·

165 3732 196 3778 ut
225 3725 289 3777 haec
317 3724 404 3776 omnin
432 3723 559 3774 servanda
590 3739 648 3775 esse
698 3740 755 3789 am,
779 3740 826 3776 cur
848 3725 1012 3777 Parmenidis
1034 3728 1176 3781 versiculus

166 3810 294 3847 censeam.
336 3793 431 3844 Mirum
455 3798 541 3842 sutem
563 3791 647 3843 visum
698 3794 819 3845 smultis
842 3793 896 3844 sine
919 3795 1027 3848 subiecti
1045 3798 1177 3850 mentione

166 3869 217 3928 est,
234 3862 306 3929 quod
319 3859 482 3913 Parmenidis
495 3859 647 3924 versiculus,
676 3861 826 3912 'afferetur
869 3861 971 3915 Etenim
995 3880 1074 3930 quum
1099 3873 1176 3923 antee

164 3948 242 3998 quem
279 3930 374 3983 hebent
410 3928 487 3979 etiem
527 3928 648 3980 Sextus
697 3934 746 3993 τῆς
768 3931 886 3994 γενέσεως
912 3932 981 3984 iacta
1012 3942 1085 3986 esset
1106 3951 1177 3988 com·

165 4001 284 4068 llrnpir.
298 3999 344 4053 IX.
363 3996 390 4052 9.
409 4013 434 4063 p.
447 3995 517 4060 550„
535 3998 579 4047 ubl
596 3997 647 4048 vid.
698 3997 865 4062 memoratio,
895 4016 946 4053 non
970 4002 1177 4056 animadversum

165 4070 281 4130 Febrim,
290 4064 648 4133 scobeeusucloggenys.
698 4072 741 4117 est
754 4072 857 4119 veteres
867 4069 985 4124 Graecos
998 4087 1051 4124 unu
1069 4072 1178 4126 eodem·

164 4134 501 4206 spernentium.
525 4140 553 4188 et
572 4136 650 4188 Plu·
698 4148 751 4200 que
777 4138 906 4191 combula
928 4156 1119 4208 saepenumero
1142 4143 1178 4195 lte
