2604 4620
198 208 285 255 LXIV
563 208 828 255 Pttonaoonsstrm

195 363 289 428 bitari
311 362 365 426 vix
385 383 480 446 posse
501 359 681 439 arbitratur,
703 361 780 445 quin
800 359 893 425 Plato
914 361 984 427 istis
1005 364 1212 433 orationibus

195 449 341 513 miseram
352 446 437 510 vitae
452 444 662 511 conditionem
679 444 847 532 designare
861 445 1006 524 voluerit,
1021 470 1127 532 quam
1139 450 1210 539 ipse

195 531 381 598 iudicaverit
399 553 475 595 vero
489 542 638 612 certoque
657 553 763 595 carere
778 530 1000 609 fundamento;
1023 532 1077 599 his
1099 548 1209 602 autem

194 616 389 683 orationibus
400 615 575 680 subiectam
586 637 655 679 esse
667 614 711 678 ait
721 614 893 680 orationem
908 613 1125 696 Socraticam,
1145 644 1210 707 qua

194 702 352 767 infirmum
373 701 452 765 illud
467 722 504 764 aa
517 699 674 765 lubricum
690 700 771 764 vitae
785 700 1025 765 fundamentum
1040 704 1209 785 firloistur,

195 786 381 852 emendetur
406 797 438 849 ct
464 783 697 861 corroboratum
728 806 766 848 ea
793 784 877 849 enim
897 785 1060 853 luculente
1082 789 1207 871 doceri,

105 907 108 913 ,
194 872 336 937 homines
358 870 473 934 amoris
495 892 567 952 ope,
583 892 677 952 quem
691 870 760 955 ipse
773 869 904 934 humani
917 872 1047 958 generis
1061 874 1206 943 indolem
1273 944 1277 951 ,

193 958 430 1041 iuterpretatur,
453 954 496 1019 ad
517 954 704 1053 sapientiam
727 977 796 1019 esse
817 954 1036 1033 adduceud0s3
1061 958 1206 1047 denique

192 1051 350 1128 postremo
385 1040 453 1104 loco
485 1049 661 1103 orationem
691 1037 867 1104 Alcibiadis
900 1040 1043 1107 exhiberi
1078 1046 1203 1127 statuit,

191 1149 256 1211 quo
275 1125 409 1190 lectores
431 1123 634 1201 edoceantur,
657 1124 759 1207 qualis
782 1125 823 1189 sit
844 1134 875 1188 et
894 1146 958 1208 qua
970 1126 1097 1191 fruamur
1120 1131 1204 1199 vitas

127 1232 130 1237 ’
189 1211 356 1288 felicitate,
390 1209 479 1273 cuius
506 1208 573 1272 vita
598 1209 630 1273 vi
656 1209 775 1273 erotica
803 1222 964 1292 tamquam
980 1210 1204 1285 ,fundamento

189 1297 310 1361 nitatur
331 1306 364 1359 et
385 1294 440 1376 qui
460 1315 524 1356 non
545 1293 639 1357 aliam
659 1316 753 1376 quam
768 1294 956 1359 eroticarum
969 1318 1080 1363 rerum
1094 1299 1202 1367 scien.

189 1383 266 1446 tiam
285 1379 472 1465 profiteatur
493 1377 539 1461 (v.
561 1402 592 1464 p.
608 1376 782 1441 XXXIII.
809 1377 941 1445 XLIII
961 1376 1084 1459 XLV.
1097 1384 1122 1449 1.
1146 1387 1200 1474 (1.).

190 1464 282 1546 Quae
311 1463 366 1546 qui
392 1463 444 1528 vel
463 1462 574 1527 leviter
595 1463 850 1540 consideraverit,
879 1463 907 1528 is
934 1476 1024 1531 certe·
1039 1478 1200 1555 protenus

189 1548 417 1613 animadvertet
436 1547 568 1613 attribui
587 1547 713 1612 Platoni
733 1547 912 1626 falsissima,
933 1572 974 1615 ex
994 1552 1120 1619 novitia
1143 1580 1197 1623 sa·

211 1633 310 1699 ientia
330 1642 480 1709 assumta,
502 1633 543 1697 de
558 1631 674 1716 quibus
687 1632 892 1719 philosophus
906 1656 966 1699 nec
980 1638 1197 1707 somniaverit.

187 1657 258 1783 lam
278 1741 355 1783 vero
376 1717 481 1782 missis
502 1718 625 1794 ceteris,
652 1740 785 1801 quorum
812 1719 930 1804 scripta
956 1720 1049 1787 nobis
1076 1747 1143 1791 non
1163 1726 1195 1791 in

187 1826 299 1869 manus
315 1814 480 1881 venerunt,
501 1802 741 1879 RbtscherO,
766 1800 897 1868 Schwe
929 1803 1029 1884 lero,
1054 1808 1138 1888 aliis,
1154 1810 1193 1875 de

188 1889 304 1974 quibus
318 1887 458 1953 breviter
471 1888 580 1952 retulit
596 1884 801 1953 Susemihl.
812 1889 845 1952 in
861 1884 905 1952 Sc
950 1889 1103 1959 eidewini
1114 1892 1188 1959 Pbi·

186 1975 291 2061 lologo
317 1972 391 2038 Vol.
412 1972 471 2038 VI.
500 1996 527 2037 a.
555 1973 647 2038 1851.
674 1971 836 2037 Fasc.·II.
862 1996 894 2057 p.
918 1974 980 2038 17⁷
1002 1998 1094 2062 sqq.,
1122 2000 1184 2045 me·

187 2082 326 2124 morasse
348 2058 451 2121 adhuc
471 2055 604 2134 iuvabit,
626 2057 704 2140 quid
724 2057 773 2122 vir
794 2060 1076 2141 πλατωνικώτατος,
1100 2060 1179 2127 Gar.

186 2142 292 2208 Frid.
318 2143 582 2219 Hermannus,
610 2142 650 2206 de
676 2139 833 2207 Platonici
863 2144 968 2229 operis
1002 2144 1067 2213 fine
1096 2156 1181 2231 atque

185 2227 315 2293 consilio
336 2227 503 2292 censuerit.
525 2225 559 2291 Is
581 2227 719 2291 enimin
739 2224 831 2304 libro,
854 2228 909 2311 qui
929 2229 1105 2318 inscriptus
1125 2242 1183 2303 cst:

190 2310 368 2379 Gcscbicltte
399 2315 466 2377 aad
495 2311 616 2398 Syrtem
648 2315 704 2376 der
730 2312 953 2377 Platoniscben
973 2314 1187 2405 Philoropbt‘t,

184 2398 256 2464 Vol.
270 2397 297 2462 I.
312 2419 343 2481 p.
359 2398 418 2463 521
436 2418 504 2481 sqq.
526 2397 602 2462 item
629 2398 669 2461 de
695 2397 754 2462 hac
774 2419 809 2460 re
830 2397 1005 2483 disputavit
1019 2401 1187 2487 copiosius.

186 2481 345 2547 Convenit
365 2493 469 2546 autem
490 2482 546 2557 illi,
570 2482 696 2565 siquid
720 2481 860 2547 iudicare
876 2505 1057 2568 possumus,
1079 2486 1186 2555 nobis·

184 2590 257 2631 cum
281 2567 320 2629 de
345 2590 395 2643 eo,
425 2567 510 2648 quod
530 2566 614 2630 inter
641 2567 815 2632 orationem
843 2565 985 2633 Socratis
1010 2581 1108 2655 atque
1129 2572 1186 2639 Al-

184 2649 317 2715 cibiadis
345 2651 478 2713 eandem
504 2651 570 2715 fere
599 2651 709 2715 statuit
736 2651 932 2718 intercedere
965 2655 1123 2722 rationem
1150 2680 1187 2725 ac

183 2733 459 2810 necessitudinem,
481 2755 576 2817 quam
597 2757 654 2798 nos
675 2735 870 2801 intercedere
893 2738 1015 2803 dudum
1041 2742 1187 2808 videmur

183 2819 329 2885 docuisse
350 2818 384 2883 in
403 2819 502 2884 altera
517 2815 597 2904 Sym
619 2819 678 2884 osii
698 2822 798 2886 nostri
821 2823 958 2888 editione
976 2822 1086 2903 Praef.
1123 2875 1132 2892 .
1148 2830 1186 2895 15

185 2927 253 2992 sqq.
276 2906 321 2991 (v.
336 2927 368 2989 p.
385 2905 447 2971 524
462 2903 556 2991 sqq).
611 2927 646 2970 ec
668 2928 743 2971 vero
765 2907 804 2971 dc
825 2907 955 2991 reliquis
976 2908 1030 2975 ille
1051 2934 1106 2977 mn
1120 2924 1186 2979 tum

180 3015 201 3056 a
222 2990 314 3057 nobis
341 2990 497 3067 dissentit,
524 3013 716 3075 quamquam
737 3015 795 3057 nec
816 3015 864 3069 ea,
891 3014 975 3076 quae
996 2994 1125 3081 scripsit
1145 2998 1185 3063 de

181 3077 340 3160 prioribus
367 3075 561 3142 orationibus
582 3076 753 3154 amatoriis,
779 3077 894 3162 quibus
917 3090 1025 3145 censet
1045 3082 1183 3168 legentes

180 3162 371 3244 pedetentim
392 3186 430 3227 ae
450 3163 612 3248 paullatim
634 3163 675 3226 ad
689 3162 865 3227 orationem
880 3160 1073 3229 Socraticam
1085 3187 1178 3250 prae·

180 3246 285 3327 parari
307 3256 340 3310 et
360 3247 403 3309 ad
423 3247 491 3312 eius
509 3247 747 3334 intelligentiam
767 3248 865 3313 veluti
888 3248 1021 3333 propius
1038 3246 1174 3335 perduci,

179 3348 239 3391 nec
258 3328 322 3405 illa,
345 3348 427 3410 quae
444 3329 574 3396 uberius
587 3332 627 3395 dc
643 3329 804 3417 Symposii
819 3356 891 3397 curn
905 3332 1050 3399 Phaedro
1066 3352 1174 3395 neces·
1293 3322 1297 3401 i

180 3410 317 3474 situdine
339 3413 519 3497 disputavit,
541 3417 625 3479 omni
647 3438 686 3479 ex
730 3428 797 3483 arte
818 3441 890 3483 cum
904 3429 1013 3483 nostra
1024 3414 1177 3483 sententia

180 3494 381 3560 concordant.
402 3496 533 3562 Etenim
552 3499 696 3564 instituta
742 3501 852 3566 haedri
873 3514 904 3567 et
919 3498 1074 3589 Symposii
1087 3522 1176 3565 com-

179 3578 340 3667 paratione
354 3580 387 3642 in
401 3579 547 3646 Phaedro
562 3584 689 3666 quidem
704 3587 811 3651 doceri
824 3587 1007 3668 arbitratur,
1026 3608 1178 3665 amorem,
1285 3602 1288 3615 ⁴

180 3664 235 3750 qui
263 3663 437 3749 percipitur
459 3666 614 3746 sensibus,
640 3670 804 3755 vulgarem
825 3671 943 3736 homini
965 3696 1033 3740 esse
1053 3680 1181 3759 turpem

115 3820 118 3826 ,
180 3761 274 3835 atque
295 3749 425 3815 noxium
446 3751 643 3838 eundemque
665 3754 803 3820 animum
817 3755 904 3820 humi
919 3757 1058 3847 defigere
1071 3780 1109 3823 ac
1122 3758 1179 3823 de-

179 3837 325 3922 primere,
347 3835 479 3920 ideoquc
501 3859 583 3913 eum,
606 3839 661 3922 qui
683 3862 747 3905 non
767 3850 860 3915 amet,
881 3841 932 3906 lon
958 3842 1178 3931 epraeleren·

179 3921 345 3989 dumesse
366 3921 493 4000 amanti,
521 3921 575 4006 qui
596 3923 762 3990 inhonesto
783 3926 883 3990 amori
902 3867 1080 4014 indulgeat,
1106 3929 1180 3995 licet

178 4007 315 4094 alioquin
343 4030 431 4075 amor
459 4008 575 4075 celsum
602 4008 752 4093 quiddam
781 4020 872 4094 atquc
901 4024 1092 4099 generosum
1120 4013 1179 4090 sit;
