2604 4620
78 194 83 215 ¹
155 184 258 232 uxxn
322 254 325 259 Ι
523 179 798 229 ῬΒΟΕΕΘΟΜΕΝΔ

63 386 70 401 .
101 344 104 349 ’
152 335 352 402 inucductas
370 356 452 403 esse.
474 331 578 419 Quasi
597 355 674 401 vero
687 332 775 420 apud
786 329 965 411 Platona,
986 330 1053 401 ubi
1067 332 1176 401 autin

153 421 194 488 ab
216 420 307 487 initio
328 420 435 506 operis
455 419 542 486 docti
563 419 603 485 de
625 440 731 484 amore
752 438 913 501 ¹,sermones
934 414 1119 499 habentur,
1138 418 1176 485 iis

152 507 237 571 ullus
263 506 354 570 locus
380 504 512 570 concedi
538 503 688 591 potuerit,
717 524 778 567 nec
804 501 936 567 eaedem
956 524 1022 589 per
1044 503 1097 569 rei
1119 526 1173 569 nr·

27 613 32 630 ¹
154 603 258 655 turam
285 589 451 656 debuerint
476 589 602 675 placere
628 586 848 674 Xenophonti,
875 586 1108 671 qui'convivii
1127 588 1173 655 hi·

152 675 307 741 laritatem
334 675 584 774 suavitatemque
615 694 742 739 omnem
770 670 949 737 describere
978 672 1173 741 constituis·

153 760 252 845 σοι’).
272 759 321 824 At
341 782 428 840 vero,
450 758 668 907 ἰιιφιιιιιιιᾪ,
690 756 777 843 quod
796 755 894 822 Xeno
918 755 984 823 hou
1008 758 1173 827 maiorum

151 846 339 947 poculorum
366 867 462 911 usum
485 842 600 922 reiicit,
659 843 860 909 latoautcm
908 852 1056 911 ocratem
1080 866 1173 912 suum

67 978 70 985 .
150 931 301 995 mformat
322 930 428 1008 talem,
450 929 506 1014 qui
526 928 652 994 fortiter
671 949 774 1013 usque
795 926 837 993 ad
858 926 1041 993 diluculum
1056 951 1078 996 e
1092 946 1170 1017 psy-

151 1025 237 1080 ctere
258 1013 348 1090 bibit,
375 1024 464 1079 estne
491 1013 554 1080 hoc
575 1013 740 1090 eiusmodi,
761 1022 799 1077 ut
819 1012 952 1077 alterum
975 1013 1171 1101 scriptorem

152 1098 308 1186 suspicari
329 1099 422 1164 liceat
441 1098 532 1163 alten'
555 1120 645 1164 suam
665 1097 820 1186 rationem
841 1097 1042 1183 carnalique
1056 1099 1169 1167 simm-

150 1195 215 1251 tate
236 1183 446 1286 opposuisse?
466 1181 625 1248 Nimirum
638 1180 732 1248 Plato
748 1178 889 1248 Socratis
910 1182 1073 1251 invictam
1095 1206 1169 1252 con·

150 1270 316 1337 tinent1am
344 1268 506 1352 animique
534 1266 753 1333 fortitudinem
784 1279 972 1334 ostensurus
1003 1290 1085 1335 eum
1112 1274 1170 1337 ex·'

149 1364 249 1420 tremo
271 1353 418 1420 convivio
438 1354 485 1418 ita
498 1352 574 1418 lacit
591 1350 763 1432 bibentem,
779 1364 826 1430 ut,
845 1351 920 1418 licet
934 1354 1169 1440 computationi

147 1439 323 1526 indulgeat,
346 1448 451 1504 tamen
472 1446 600 1525 praeter
624 1447 747 1503 ceteros
768 1459 879 1504 omnes
893 1449 1024 1503 maneat
1038 1439 1168 1507 sobrius

148 1533 182 1588 et
202 1522 269 1589 veri
289 1522 469 1610 philosophi
484 1531 611 1588 tueatur
630 1521 831 1610 dignitatem
854 1520 1043 1609 Xenophon
1056 1535 1168 1593 auteur

148 1606 222 1674 eum
247 1607 341 1675 iussit
360 1608 393 1673 in
416 1607 596 1674 coversari
617 1607 774 1686 convivio,
796 1607 917 1692 quoda
929 1608 1061 1696 vulgari
1076 1632 1167 1677 mere

147 1703 180 1759 et
212 1693 441 1759 consuetudine
466 1715 530 1759 nou
556 1693 738 1770 recederet,
771 1702 808 1757 ut
833 1692 976 1779 profecto
1002 1694 1088 1778 quid
1134 1693 1165 1760 ‘d

147 1778 353 1845 convivarum
377 1777 653 1866 intemperantiam
678 1786 837 1855 armaret,
866 1776 900 1842 id
922 1786 1028 1846 totum
1050 1789 1087 1861 to
1111 1802 1164 1847 erc

146 1874 179 1929 et
198 1885 363 1929 removere
385 1863 614 1949 debueritffl).
636 1830 750 1928 Paullo
770 1861 845 1949 plus
866 1862 1020 1948 ponderis
1041 1861 1164 1932 hahere

146 1948 295 2014 videntur
320 1958 508 2034 argumenta
529 1958 658 2013 mutuae
682 1946 851 2012 simultatis
872 1969 892 2011 a
913 1943 1108 2029 Ceruario
1129 1951 1162 2016 in

145 2032 286 2097 medium
306 2033 410 2098 allata.
432 2031 467 2096 Is
481 2032 575 2110 enim,
598 2032 674 2096 dum
694 2031 804 2096 statuit
817 2030 1073 2118 Xenophontem
1087 2057 1162 2101 eum

144 2118 256 2193 fuisse,
279 2116 335 2200 qui
354 2116 471 2180 librum
493 2138 586 2180 suum
604 2114 771 2182 Platonico
792 2116 855 2181 scri
880 2127 912 2181 to
933 2127 1050 2203 utpote
1093 2120 1160 2186 rius

143 2202 177 2265 in
198 2201 302 2266 lucem
327 2201 443 2265 emisso
465 2201 660 2287 opposuerit,
688 2199 766 2266 haec
787 2138 948 2285 scrihit†):
978 2198 1027 2282 „S
1094 2227 1159 2271 nou

142 2285 177 2350 in
204 2284 254 2350 his
281 2294 411 2364 tantum,
440 2308 522 2370 quae
548 2309 589 2351 ex
610 2284 820 2352 aemulatione
848 2285 989 2370 quadam
1009 2286 1157 2357 Platonis

143 2367 317 2455 Symposio
343 2370 433 2456 prius
460 2370 545 2437 edito
573 2371 729 2438 contraria
751 2370 887 2458 scripsit,
916 2371 975 2437 sed
1004 2373 1102 2441 etiam
1118 2374 1152 2439 in

142 2456 203 2533 his,
254 2478 315 2521 uae
336 2458 424 2521 velut
444 2456 572 2522 aliunde
594 2466 698 2523 sumta
719 2457 806 2534 citat,
828 2455 1016 2543 Xenophon
1036 2481 1058 2525 a
1075 2457 1149 2523 Pla·

142 2552 216 2606 tone
233 2478 405 2606 dissentire
427 2540 683 2628 deprehenditur.
717 2540 822 2623 Quale
843 2550 882 2606 et'
896 2539 956 2607 hoc
977 2552 1039 2622 est,
1065 2541 1150 2629 qnod

142 2623 293 2690 Socrates
314 2626 400 2711 apud
421 2626 527 2711 ipsum
547 2625 727 2692 Pausaniae
749 2624 927 2713 apologiam
939 2649 999 2713 pro
1014 2627 1076 2708 his,
1116 2625 1152 2693 ui

140 2711 173 2774 in
193 2710 436 2795 intemperantia
457 2710 550 2776 simul
564 2711 756 2790 volutantur,
779 2711 952 2790 adducens,
974 2711 1008 2777 in
1024 2649 1151 2798 quadi-

37 2790 41 2796 ’
139 2794 224 2861 xerit
243 2794 307 2873 ille,
336 2795 422 2878 quod
451 2795 547 2860 etiam
572 2797 729 2861 exercitus
757 2795 946 2862 fortissimus
969 2809 1068 2877 esset,
1097 2798 1153 2884 qui
1191 2805 1198 2824 ⁸

140 2904 181 2946 ex
203 2879 316 2949 amatis
338 2891 370 2944 et
391 2880 582 2946 amatoribus
604 2891 773 2959 constaret,
802 2891 834 2946 et
859 2881 980 2947 dictum
1000 2881 1064 2949 hoc
1084 2884 1152 2971 pri-

137 2990 226 3031 mum
252 2965 351 3032 veluti
376 2966 583 3031 falsissimum
608 2967 726 3031 refellit
752 2977 784 3030 et
809 2988 884 3031 mcx
906 2967 1090 3034 testimonia
1111 2968 1153 3036 ab

137 3053 191 3116 illo
213 3053 253 3116 de
274 3050 438 3117 Thebanis
460 3062 492 3117 et
512 3049 603 3118 Eleis
616 3052 772 3137 producta
785 3050 898 3116 reiicit.
922 3050 1021 3133 Quod
1041 3063 1154 3120 autern

136 3160 201 3201 non
225 3136 308 3201 hanc
328 3135 508 3202 Pausaniae
534 3136 715 3223 opinionem
743 3158 781 3202 ec
806 3138 877 3202 loco
898 3138 1070 3222 reprobare
1089 3160 1149 3204 vo-

136 3220 241 3298 luerit,
270 3222 360 3286 cuius
383 3222 534 3308 scriptum
556 3221 652 3286 etiam
672 3220 833 3286 Athenaei
854 3223 980 3289 saeculo
1001 3223 1147 3309 ignotum

135 3304 206 3381 fuit,
237 3314 269 3368 et
295 3307 350 3388 qui
372 3307 467 3370 etiam
488 3307 574 3392 apud
595 3307 718 3371 nullum
738 3305 836 3373 alium
861 3329 958 3391 quam
978 3305 1146 3374 Platonem

36 3393 42 3409 ⁴
135 3387 177 3452 de
199 3389 394 3455 amatoribus
419 3400 452 3457 et
472 3391 585 3455 amatis
606 3391 738 3491 loquens
758 3390 930 3470 inducitur,
962 3393 1018 3459 sed
1036 3392 1145 3477 ipsum

135 3471 302 3538 Platonem
330 3497 389 3558 per
418 3476 478 3540 hoc
506 3484 616 3541 notare
647 3475 843 3554 metituerit,
880 3500 920 3541 ex
952 3501 990 3544 eo
1021 3476 1144 3541 clarum

134 3557 184 3637 lit,
211 3556 298 3642 quod
323 3580 361 3622 ea
388 3557 567 3624 Pausaniae
593 3561 691 3626 verba
718 3562 804 3647 apud
830 3561 996 3629 Platonem
1019 3559 1143 3628 habeu-

175 3749 201 3814 *)
219 3751 291 3801 Idem
308 3753 339 3801 de
356 3752 405 3803 hac
422 3767 448 3801 re
465 3752 545 3800 visum
563 3761 601 3802 cst
617 3753 764 3804 Bcckhic
782 3756 799 3803 l.
819 3770 839 3806 c.
858 3771 882 3821 p.
903 3762 917 3808 8
936 3770 989 3821 sqq.

160 3837 201 3902 **)
218 3837 329 3889 Athen.
349 3839 366 3888 l.
385 3854 405 3887 c
424 3836 596 3888 Cornarius
613 3838 630 3887 1.
648 3853 669 3888 c.
688 3854 712 3902 p.
732 3844 762 3889 28
782 3855 835 3905 sqq.

143 3923 196 3986 ***)
215 3924 255 3975 Ita
272 3925 433 3976 Beckhius
452 3939 553 3990 quoque
571 3926 667 3976 censuit
683 3941 708 3989 p.
729 3932 767 3975 18.

173 4007 350 4075 Dme
