2604 4620
310 310 313 315 ’
379 309 689 408 SYMPOSlUM.
713 329 741 389 p.
767 304 833 375 2⁰3*
852 313 899 375 St.
1080 313 1140 374 181

135 492 321 578 βαρημίνος
357 477 464 567 ηὗδον.
489 483 510 567 ἡ
538 475 599 552 οὖν
633 486 759 563 Πενία,
792 482 1050 570 ἐπιβουλεύουσα
1083 480 1138 552 διὰ

137 586 197 671 τὴν
223 588 328 670 αὐτῆς
352 583 499 675 ἀπορίαν
523 588 659 654 παιδίον
682 581 958 681 monnicae-allae&
982 588 1043 655 τοῦ
1067 583 1142 653 110‘·

137 715 208 779 ρον,
225 691 455 758 κατακλίνεταί
469 712 503 754 τε
519 684 597 775 παρ’
628 683 720 770 αὐτῷ
734 689 791 777 peni
805 673 919 769 ὲκῧήοο
935 681 1141 773 τόνἝρωτα.
1171 701 1196 762 c

91 797 93 803 ’
136 787 188 859 διὸ
214 788 254 873 δὴ
281 793 336 857 καὶ
361 789 420 870 τῆς
440 786 639 881 Ἀφροδίτης
671 774 864 866 ἀνὸίοῦἷί·ὀς
897 790 953 854 καὶ
980 786 1144 877 θεράπων

204 1054 432 1122 βεβαρημένος
449 1046 564 1120 ηὗδον]
584 1051 614 1103 V.
633 1041 717 1116 aidan,
735 1053 803 1116 quod
823 1042 978 1106 auctoritate
996 1053 1069 1106 Bodl.
1085 1055 1141 1107 vat.

138 1123 169 1178 A.
185 1123 290 1178 vinda.
305 1121 448 1176 vinduil.
462 1126 565 1189 Augu·
581 1122 637 1172 Vat.
646 1137 672 1186 p.
689 1127 825 1174 mutatum.

86 1330 89 1337 ·
138 1316 214 1364 natue
242 1309 277 1360 ait
301 1311 449 1377 parentibus
474 1310 560 1361 indole
586 1324 618 1360 ac
667 1307 765 1360 ebrium
784 1306 879 1358 lactum
898 1324 926 1359 ae
943 1310 1026 1360 colum
1042 1308 1066 1360 iu
1084 1308 1144 1362 lror-

139 1387 231 1433 natura
248 1384 301 1430 taur
315 1380 432 1443 diversis,
451 1379 543 1431 mirum
557 1394 619 1443 pro·
667 1382 720 1428 tum
745 1376 814 1427 lovis
840 1377 996 1441 contulisse,
1019 1378 1054 1428 ibi
1080 1395 1143 1431 vero
1184 1377 1189 1386 “

138 1448 208 1501 fecto
232 1462 283 1498 uon
308 1455 364 1512 eat,
389 1448 459 1513 quod
482 1460 565 1511 neque
584 1445 617 1497 ad
666 1445 792 1508 Penlam‚
815 1461 883 1509 quae
908 1445 931 1496 ei
951 1448 1087 1500 struxisset
1104 1449 1143 1501 lu·

138 1519 221 1587 patria
238 1517 347 1579 virtutes
361 1517 445 1583 potuit
463 1518 537 1582 plane
555 1530 617 1581 per·
667 1514 760 1578 aldios,
783 1514 839 1565 alne
863 1515 965 1566 arbitris
986 1517 1144 1569 conveniare.

139 1587 242 1648 venire,
267 1599 350 1650 neque
374 1585 406 1636 ad
430 1587 518 1636 matris
536 1584 618 1635 imbe-
668 1584 756 1646 Vides,
775 1584 851 1649 quam
869 1585 1014 1636 necessaria
1032 1586 1067 1637 ait
1083 1582 1147 1638 baec

140 1655 272 1706 cillitatem
296 1659 324 1705 et
348 1654 520 1705 infirmitatem
544 1667 617 1719 pror·
666 1653 769 1704 tabulae
799 1653 936 1718 particula:
972 1659 1001 1705 ut
1027 1654 1145 1721 profecto

140 1737 184 1774 ona
203 1722 322 1787 delapsus
335 1728 385 1783 eat,
402 1727 552 1772 remanente
569 1721 616 1771 ali·
668 1721 782 1773 miranda
818 1721 852 1772 alt
880 1737 991 1788 operosa
1022 1723 1147 1777 industria

140 1807 190 1857 qua
208 1792 333 1857 particula
349 1792 471 1841 virtutum
490 1789 614 1857 parentis,
668 1805 768 1853 eorum,
786 1791 828 1855 qui
847 1789 879 1841 de
897 1791 953 1841 latis
971 1791 1038 1843 lovir
1056 1791 1146 1844 horlu-

139 1861 189 1913 boc
206 1866 248 1912 est
268 1861 349 1926 pulcri
372 1867 451 1925 atque
468 1859 527 1909 boni
547 1858 616 1910 deal·
667 1861 697 1911 lia
715 1859 850 1927 splendida
868 1860 996 1924 quaedam
1009 1863 1145 1914 commenti

140 1929 213 1981 derio
236 1928 396 1980 inexstincto.
439 1927 617 1980 Quemadmo-
667 1936 726 1979 sunt
744 1928 885 1980 mendacia.
920 1929 973 1980 Sed
994 1931 1057 1981 satia
1082 1929 1146 1982 liaeo

141 1999 202 2050 dum
225 2013 288 2048 vero
310 1996 373 2048 baec
399 1996 544 2048 facillimam
571 1994 617 2045 lia·
667 2003 743 2047 sunto
762 1996 795 2051 de
815 1996 918 2048 fabulae
935 2005 1086 2064 argumento
1104 2005 1146 2050 at·

140 2068 204 2119 bent
220 2066 427 2132 explicationem,
448 2066 492 2116 ubi
510 2081 543 2116 ex
560 2065 617 2129 ipeo
667 2083 718 2133 que
745 2068 804 2119 line·
850 2066 958 2129 Restat,
989 2075 1019 2118 ut
1049 2067 1146 2133 aliquid

108 2158 122 2168 ·
140 2137 267 2202 scriptore
284 2136 389 2201 petieris
402 2149 493 2186 eorum
505 2133 625 2185 illustra·'
667 2135 856 2188 admouendum
879 2135 913 2186 ait
937 2135 971 2187 de
994 2152 1073 2188 aenan
1090 2137 1147 2188 uui·

141 2206 255 2267 tionem,
279 2205 314 2254 ita
332 2219 380 2254 nec
398 2205 493 2268 reliqua
511 2206 561 2255 ulla
578 2204 618 2253 la·
667 2220 758 2256 aereae
776 2205 914 2256 narrationi
932 2205 1057 2257 subiecto.
1092 2209 1150 2271 up,

140 2275 233 2325 borant
258 2273 424 2324 obscuritate·
460 2272 525 2323 Nam
548 2269 617 2336 quod
667 2278 743 2340 paret
771 2280 875 2336 auteur,
906 2275 1014 2338 opinor,
1043 2290 1076 2327 cx
1104 2276 1145 2338 lia,
1249 2281 1251 2285 ⁴

142 2345 220 2395 Amor
237 2347 311 2392 natue
329 2357 388 2392 eree
406 2341 499 2391 dicitnr
512 2341 619 2391 Veneri·
668 2358 736 2408 qnae
754 2342 823 2393 dicta
841 2347 916 2406 aunt,
942 2342 1079 2395 Platonem
1097 2344 1147 2395 boc

141 2411 182 2462 die
200 2410 288 2472 natali,
306 2409 331 2460 id
350 2411 470 2461 nonalia
489 2410 522 2461 de
540 2423 618 2460 cauea
669 2410 757 2476 mytho
779 2412 891 2463 roluirre
915 2413 1011 2463 amorio
1028 2419 1147 2464 naturam

141 2481 196 2532 lieri
215 2479 377 2542 arbitramur,
398 2494 474 2543 quam
491 2487 521 2530 ut
538 2494 619 2544 appa·
670 2481 801 2533 declarare
843 2478 977 2531 dilucidius
1011 2486 1038 2532 et
1071 2483 1146 2546 quari

101 2580 105 2589 «
142 2554 214 2612 reat,
242 2563 289 2599 cur
311 2549 368 2611 ille,
402 2548 509 2599 Veneria
531 2561 619 2599 comer
670 2550 779 2615 imagine
798 2548 1024 2614 aliquailluatrare.
1060 2551 1147 2604 Quum

142 2623 292 2686 perpetuus,
311 2618 346 2668 nil
364 2623 478 2669 sectetur
489 2617 537 2668 nini
549 2615 619 2681 quod
670 2620 738 2671 euim
756 2619 925 2670 intellexisset
947 2632 1077 2682 amorem,
1098 2619 1148 2671 boc

142 2688 258 2753 pulcrum
277 2687 320 2737 eit.
357 2685 385 2736 ld
403 2686 473 2750 quod
491 2687 553 2737 ratio
573 2685 620 2736 do-
671 2694 712 2739 eat
728 2687 808 2754 pulcri
827 2693 853 2738 et
871 2687 1066 2751 boniatudium,
1085 2703 1148 2739 con-

141 2758 240 2807 claraut
254 2755 346 2805 verba:
366 2754 406 2804 διὸ
419 2753 621 2820 καίτῆςἎφρο·
671 2757 746 2808 lineri
763 2756 899 2806 insatiabili
919 2757 1029 2820 quadam
1050 2756 1150 2823 cupidi·

142 2825 213 2886 dirqc
224 2821 374 2879 ἆνόίονθοο
385 2825 429 2872 καί
443 2822 567 2889 θεράπων
578 2826 621 2887 rb
671 2831 726 2876 tate
748 2840 834 2875 rerum
856 2825 968 2876 maxime
993 2824 1151 2890 expetenda-

144 2908 219 2959 γονον
237 2889 250 2940 ὁ
266 2893 355 2955 Ἔρος,
371 2892 506 2956 γεννηθείς
522 2893 548 2940 ἐν
565 2895 623 2948 τοῖς
671 2909 745 2954 rum3
763 2893 895 2943 verissime
914 2893 1041 2958 duplicem
1062 2893 1152 2943 cuiue·

143 2961 235 3022 ἐκείνης
251 2960 413 3025 γενεθλίοις,
437 2960 480 3008 καί
496 2957 552 3026 ἅμα
570 2956 622 3022 pv'·
672 2976 724 3026 que
748 2962 857 3013 amantia
880 2977 939 3011 eoae
962 2961 1026 3012 vidit
1044 2967 1150 3025 etatum,

143 3047 183 3082 οοι
206 3025 316 3092 ἐραστὴς
338 3025 372 3076 ὢν
394 3026 451 3093 περί
473 3026 504 3077 τὸ
532 3024 622 3088 nator,
672 3033 781 3080 alterum
821 3028 990 3092 indigentiae,
1022 3034 1151 3093 quatenu

144 3097 187 3148 καί
204 3100 251 3159 τῆς
268 3095 427 3161 Ἀφροδίτης
440 3099 519 3159 καλῆς
535 3095 623 3158 odone·
673 3098 759 3149 studio
777 3098 813 3149 illi
828 3097 907 3162 pulcri
920 3103 998 3167 alque
1008 3097 1069 3148 boni
1086 3110 1152 3148 uon·

143 3167 235 3230 Neque
252 3166 328 3216 etiam
347 3164 464 3229 quaeda
482 3163 563 3216 llortio
579 3164 623 3214 lo-
674 3166 733 3218 dnm
751 3166 911 3216 satisfactum
932 3172 1016 3228 esset,
1042 3169 1152 3218 alterum

144 3237 200 3299 vir,
224 3233 257 3285 de
282 3233 376 3298 quibua
392 3249 415 3283 v.
433 3233 624 3285 Scbneider
674 3235 752 3286 divini
775 3233 910 3286 cuiusdam
940 3235 1042 3286 ardoris
1074 3240 1153 3300 atquc

95 3348 97 3353 ,
145 3305 346 3368 nnmerkungea
367 3318 427 3354 zum
447 3306 581 3354 Anacreon
598 3317 625 3367 p.
674 3303 768 3367 studii,
805 3318 856 3367 quo
887 3310 1023 3369 correptae
1051 3304 1152 3356 animur

144 3372 221 3437 214„
244 3377 391 3434 narrantur,
415 3373 496 3423 aoliuo
520 3377 624 3422 ornatur
674 3374 786 3424 terretur
809 3378 885 3437 atquo
907 3379 1043 3438 raperetur
1059 3372 1093 3425 ad
1111 3389 1152 3438 aa,

145 3444 227 3509 gratia
245 3442 345 3493 adiecta
363 3446 438 3504 aunt,
464 3439 511 3491 aed
529 3455 624 3505 prope·
674 3456 740 3506 quae
757 3443 825 3492 bona
843 3447 920 3504 atque
930 3443 1019 3507 pulcra
1037 3458 1097 3494 eaeo
1112 3443 1153 3493 ri·

111 3566 119 3579 ,
146 3513 252 3563 modum
264 3512 409 3563 necessario
427 3508 626 3561 commemorari
675 3511 758 3562 dieaet
785 3510 928 3575 quibusque
950 3511 1028 3577 potiri
1051 3524 1153 3562 summo

147 3580 296 3633 debuerunt.
320 3580 409 3634 Quum
426 3579 493 3631 euim
507 3578 570 3630 Pori
586 3585 626 3629 at·
675 3580 762 3630 studio
793 3584 937 3632 conaretur.
978 3580 1056 3631 Hanc
1077 3580 1154 3645 igitur

148 3663 199 3713 que
217 3649 316 3701 Peniae
336 3657 429 3701 natura
454 3653 480 3700 et
497 3646 626 3713 ingenium
676 3649 774 3700 amorio
788 3653 907 3699 naturam
919 3650 1024 3714 egregie
1035 3663 1097 3699 rane
1114 3646 1153 3696 ri-

148 3721 283 3782 tantopero
295 3718 450 3785 discrepent,
468 3733 516 3784 per
533 3733 563 3767 ae
579 3732 626 3782 pa-
677 3719 753 3769 detur
775 3717 817 3768 illa
835 3719 983 3769 narratione
1001 3717 1152 3768 illustrante.

149 3799 203 3836 rum
222 3786 360 3838 verisimile
383 3787 463 3838 rideri
488 3786 578 3837 debuit
595 3785 627 3836 il·
676 3787 801 3841 cetornm
817 3786 927 3839 eandem
945 3785 1062 3836 uersibua
1080 3781 1153 3833 Lati-

149 3855 203 3906 lura
226 3851 284 3902 cum
307 3853 354 3905 hac
382 3857 499 3923 poluisse
532 3854 627 3905 lrabara
676 3856 716 3907 nis
734 3857 874 3908 celebravit
891 3855 966 3905 Dan.
987 3852 1152 3903 Heinsio·

148 3920 368 3975 contuetudinem.
394 3926 483 3991 ltaque
499 3939 550 3990 quo
567 3939 627 3976 nar·
676 3927 703 3976 in
720 3923 928 3977 Monobiblo.
947 3920 1013 3993 Illeg
1040 3919 1084 3971 lX.

150 3990 216 4042 ratio
233 3988 357 4040 maiorem
368 3995 564 4046 nancisceretur
581 4009 628 4044 vc-

150 4057 384 4121 riaimilltndinem,
412 4067 490 4126 pocla
512 4063 628 4130 philoro-
694 4055 1152 4126 ίαοβονίοιίονσα--ποοηαα-

148 4127 215 4196 pluro
237 4126 335 4179 Porum
357 4128 441 4179 tinxit¹
456 4130 483 4180 in
510 4131 628 4183 convivio
678 4128 773 4195 σθαι]
795 4123 990 4189 Ἔαιβονλούεον
1015 4140 1073 4178 oum
1097 4124 1154 4178 inli-

148 4200 192 4251 illo
210 4192 493 4251 inveneris-bonoram
511 4199 628 4253 inetiurto
678 4198 757 4250 nitivo
778 4195 892 4248 iunctum
914 4200 956 4247 art
986 4193 1156 4265 inqidioro

842 4282 903 4341 0*
