2604 4620
414 252 624 316 rurnno.
647 272 676 331 p.
699 255 753 313 no.
781 248 825 318 st.
1072 252 1116 313 or

99 422 160 506 ξαν
186 423 246 492 οὐκ
272 421 367 494 ἄλλοι
395 420 414 507 ἢ
447 433 478 494 oi
505 421 811 516 πεφιλοσοφηκότες
836 422 963 512 ὀρθῶς.
1000 415 1047 492 ὧν
1073 424 1115 508 δὴ

98 529 154 592 καὶ
186 529 284 612 ἔγωγε
320 519 406 593 nasei
441 553 476 611 με
513 521 551 592 τὸ
592 520 737 592 δυνατὸν
771 522 868 591 οὐδὲν
893 524 1058 595 ἀπέλιπον
1079 533 1115 594 ἐν

99 629 145 711 τῷ
178 630 240 712 βίῳ
267 624 354 694 ἀλλὰ
383 631 484 694 παντὶ
519 625 632 711 τρόπῳ
656 623 919 713 προύθυμήθην
942 630 1114 707 γενέσθαι.

99 733 126 792 ei
152 730 186 793 δὲ
213 725 331 816 ὀρθῶς
357 726 619 814 προύθυμήθην
644 731 701 793 καί
729 750 761 791 τι
788 723 978 812 ἠνυσόμην,
1012 736 1112 796 ἐκεῖσε

96 825 258 904 ἐλθόντες
287 826 324 894 τὸ
352 832 457 918 σαφὲς
481 825 660 912 εἰσόμεθα,
694 822 753 892 toln
792 822 875 904 θεὸς
909 833 1019 919 ἐθέλῃ,
1044 828 1112 896 ὀλλ·

97 952 161 1012 νον
188 924 329 1012 ὕστερον
338 979 346 1008 ,
374 925 417 1005 ὡς
440 931 513 1014 ἐμοὶ
541 931 640 997 δοκεῖ.

97 1121 232 1185 Repetitio
252 1124 321 1174 rocio
339 1123 439 1174 ridetur
457 1123 584 1187 effecisse,
604 1129 631 1172 ut
649 1122 813 1188 grammatici
833 1137 890 1173 eam
905 1125 1031 1175 alterutro
1052 1125 1111 1176 loeo

99 1187 222 1241 delerent.

95 1324 224 1377 codicum.

166 1257 275 1324 ὀρθῶς
298 1257 488 1328 προόθυμό
497 1257 576 1326 θην]
603 1259 632 1340 V
652 1256 885 1328 πρσόθυμοόμην,
911 1265 1017 1324 praeter
1034 1259 1111 1311 fidem

164 1396 217 1444 καί
238 1414 270 1445 τι
296 1395 483 1462 pernicium]
508 1396 551 1448 Sic
575 1411 642 1446 unus
661 1397 773 1463 August.
794 1395 863 1449 Vett.
883 1394 956 1447 edittv
977 1388 1003 1447 et
1022 1394 1110 1461 reliqui

97 1462 172 1517 codd.
194 1461 336 1530 ἤνόοαμεν,
355 1466 424 1530 οιιοό
445 1467 541 1531 primus
560 1466 658 1531 sprevit
675 1463 813 1518 Heindorf.

98 1601 171 1652 rula
194 1601 225 1650 iu
248 1601 358 1665 orgiis
377 1605 512 1666 gestari
531 1619 579 1654 so-

100 1669 175 1718 lita.
199 1668 248 1718 vid.
271 1669 424 1718 Fischer.
450 1670 528 1720 ludic.
549 1671 581 1721 ad

98 1734 250 1799 Palaephat.
266 1751 287 1786 s.
302 1752 325 1787 v.
345 1741 372 1786 et
393 1737 527 1788 Barnes.
548 1738 580 1788 ad

102 1801 221 1868 Euripid.
247 1802 341 1855 Bacch.
368 1801 416 1853 145
433 1820 504 1867 squ,
518 1807 581 1869 'que

102 1873 160 1921 loco
191 1877 268 1935 pecta
300 1871 519 1937 ναρθηκοφόρους
547 1874 582 1922 ita

102 1939 238 1989 describit:
270 1937 282 1986 ὁ
315 1938 434 2000 Βακχεὺς
463 1940 488 1989 ‹l'
522 1943 583 2002 ἔχων

101 2007 223 2072 πνροώόε]
250 2005 335 2073 φλόμα
360 2007 455 2062 πεόκας
476 2010 502 2057 ἐκ
523 2009 580 2073 rcip-

104 2079 188 2137 θηκος
207 2074 302 2138 oraora,
322 2075 412 2142 δρόμῳ
433 2077 475 2124 καὶ
490 2084 583 2139 χοροῖς

103 2144 227 2204 ἐρεθίζων
251 2144 398 2206 πλανάτας,
429 2144 529 2206 λακχαῖς
553 2144 580 2195 τ’

101 2210 266 2275 ἀναπάλλων,
293 2210 423 2279 τρυφερὸν
449 2213 581 2279 πλόκαμον

100 2279 139 2334 εἰς
155 2280 250 2345 αἰθέρα
265 2278 368 2345 ῥίπτων,
387 2302 411 2333 τ.
429 2302 451 2333 r.
470 2284 492 2332 l.
529 2285 580 2335 Ce-
592 2322 606 2341 .

99 2352 184 2397 terum
209 2349 258 2399 loci
282 2350 436 2401 seutentiam
456 2359 527 2403 recte
544 2354 581 2403 ita

100 2414 240 2476 dwlararit
261 2417 463 2469 Fischerus:
483 2422 579 2472 multi

101 2499 180 2548 prae
216 2501 252 2535 se
287 2486 400 2539 serunt
437 2505 579 2541 amorem

100 2557 132 2603 et
154 2553 303 2606 studium
324 2555 580 2623 philosophiae,

100 2620 158 2671 sed
182 2624 283 2685 pauci
308 2630 383 2674 suut
411 2641 490 2678 vere
516 2626 581 2692 phi·
605 2678 609 2685 ,

100 2688 246 2755 losophi.

132 2790 164 2840 D.
199 2783 239 2840 οἷν
264 2794 299 2857 δὴ
325 2796 380 2844 καλ
405 2797 580 2862 λγωγε-]

100 2857 238 2910 Genitivus
262 2869 386 2914 cohaeret
413 2879 471 2916 cum
500 2865 580 2915 verbo

99 2930 237 2992 γενέσθαι,
260 2930 309 2981 hoc
334 2946 424 2983 sensus
451 2933 482 2982 in
505 2948 582 2997 quo-

100 3008 170 3044 rum
187 2999 393 3049 societatem
410 3006 444 3049 ut
462 3016 581 3064 perve-

101 3061 221 3124 nirem,
253 3065 343 3114 nihil
379 3068 581 3117 intentatum

104 3128 239 3192 reliqui,
269 3131 326 3181 sed
359 3134 444 3182 omni
470 3135 582 3183 studio

101 3195 286 3247 elaboravi.
319 3215 342 3247 v.
372 3199 521 3251 Lobeek.
552 3201 583 3251 ed

100 3262 173 3316 Aiac.
194 3282 218 3329 p.
237 3265 297 3320 295.
318 3294 348 3302 -
387 3269 450 3319 Mox
469 3269 501 3320 de
520 3284 583 3320 con-

22 3371 25 3375 .
101 3334 245 3387 structione
265 3337 416 3387 verborum:
436 3336 584 3387 ἀπολείπων

101 3399 178 3532 {gr}
184 3403 311 3522 1χαλεπῶς
329 3408 407 3472 φέρον,
426 3420 450 3457 v.
463 3407 489 3458 Μ
499 3405 582 3458 arth.

134 3573 190 3621 καί
205 3593 237 3624 τι
257 3571 581 3643 ἤνυσόμην]εΙίᾳιιίό

99 3638 181 3691 mihi
219 3643 446 3709 profecerim,
484 3652 517 3696 et
552 3647 581 3696 in

99 3723 198 3761 meam
229 3712 414 3765 utilitatem
455 3730 580 3780 compa·

101 3779 254 3831 raverim.
291 3781 320 3831 ld
339 3783 406 3833 euim
428 3783 507 3834 serlo
527 3799 581 3835 me-

103 3846 146 3899 dio
164 3849 322 3912 significatur
334 3851 403 3916 quod
416 3851 509 3905 eodem
523 3869 580 3903 mo·

101 3914 135 3985 do
165 3917 277 3982 positum
308 3920 475 3987 Aristoph.
510 3920 581 3971 Plut.

101 3998 126 4035 v.
148 3983 204 4038 lllh.
223 3984 268 4034 κᾶν
281 3986 359 4037 ταῦτ’
380 3988 507 4052 οἷνόσηίαι
525 3988 580 4053 (εἰ-

101 4050 134 4102 bi
157 4055 361 4122 paraverit),
385 4055 581 4122 corruptionem

97 4119 232 4187 βούλεται,
252 4123 400 4189 Aeschyl·
416 4125 504 4176 Prom.
519 4122 579 4176 706,

630 1600 677 1665 τὴν
707 1602 767 1666 πρίν
795 1619 824 1668 με
858 1605 949 1670 χρείαν
978 1597 1108 1664 ἠνύσασθ’

631 1669 697 1736 ἐμοῦ
710 1667 781 1735 πόροι
794 1668 904 1734 κούφως.
928 1668 1023 1733 Soph.
1041 1666 1110 1720 Tra·

632 1737 697 1787 chin.
717 1736 776 1788 996.
799 1737 857 1787 otas
877 1737 942 1787 ἀνθ’
972 1737 1032 1786 oter
1055 1741 1109 1786 θυ-

633 1809 692 1852 οιῶν
710 1805 752 1851 ἐπί
768 1821 813 1868 μοι
832 1805 910 1868 μελέρ
920 1802 997 1870 χάριν
1015 1803 1109 1867 ἠνόσω.

634 1869 807 1920 Theocrit.
833 1871 862 1920 V.
884 1877 948 1921 extr.
969 1870 1027 1919 «lm
1044 1870 1107 1920 κάκ’

634 1937 685 1999 ἤδη
704 1936 871 2003 ολννσόμαν
888 1940 935 1986 τὸν
953 1936 1043 2003 ἀμνόν,
1070 1939 1106 1990 Μ,

633 2007 726 2055 XVlll·
749 2005 787 2057 lh'.
810 2005 915 2072 ἀγαθός
942 2026 981 2062 εις
999 2007 1110 2056 ἐπόπτα-

632 2091 675 2139 ρεν
692 2077 819 2140 legendam
838 2094 879 2125 τοι
894 2075 974 2131 -ὠς
991 2074 1110 2128 ἆνόσαιο.
1153 2130 1158 2137 .

632 2143 765 2192 Pluralem
785 2143 912 2212 ἠνύοαμεν
928 2145 972 2208 qui
986 2144 1109 2196 delendo-

631 2218 690 2261 ruut
735 2214 865 2274 Aetius,
914 2212 1107 2278 Bernhardy

631 2280 738 2343 syntex.
766 2296 791 2345 p.
815 2279 873 2334 tlt.
897 2281 928 2330 C.
952 2280 1003 2335 Fr.
1028 2281 1107 2333 Her-

630 2363 777 2402 manunsz
798 2349 998 2415 Abhsndlungen
1012 2351 1107 2402 u.Bei·

630 2418 704 2481 trigo
730 2423 779 2469 etc.
805 2434 829 2482 p.
854 2416 896 2471 72.
926 2418 944 2467 ii
973 2420 1108 2471 voluerunt

632 2500 691 2535 esse
731 2487 990 2549 communicativum,
1031 2492 1107 2552 atque

631 2568 798 2618 personarum
817 2570 952 2605 numerum
963 2555 1054 2605 crebro
1072 2555 1108 2606 ite

632 2621 725 2672 variari
750 2630 912 2675 monuerunt.
947 2623 975 2673 ln
997 2638 1049 2687 quo
1067 2629 1107 2674 ts-

633 2705 693 2743 men
721 2705 772 2741 uno
808 2699 879 2744 certe
914 2692 1017 2743 nomine
1051 2691 1108 2743 t‘alsi

633 2763 701 2810 suut.
753 2759 819 2812 Nam
859 2760 929 2826 quod
963 2766 1110 2811 statuerunt

634 2827 711 2877 istam
744 2843 911 2880 numerorum
943 2829 1109 2880 variationem

633 2895 710 2945 etiam
732 2894 758 2945 in
783 2897 848 2947 binis
872 2898 994 2948 membre
1016 2900 1109 2963 copula

632 2963 754 3014 connexis
786 2966 874 3015 locum
906 2964 1017 3028 hahere,
1053 2967 1109 3019 eius

632 3030 756 3092 loquendi
790 3032 982 3082 consuetudinis
1011 3037 1109 3087 nullum

632 3111 739 3159 nsquam
745 3098 891 3163 investigari
904 3101 1049 3165 exemplum
1060 3118 1108 3166 po-

635 3166 704 3216 terit.
724 3164 765 3215 Ex
777 3181 831 3231 quo
842 3181 1006 3229 consequens
1018 3177 1068 3232 est,
1081 3177 1110 3223 ut

634 3229 768 3299 ηἰίοοὶμηιΙ
783 3235 857 3286 unice
868 3250 956 3285 verum
967 3239 1108 3302 putandum

634 3300 675 3349 sit.
717 3302 794 3355 Quod
819 3306 841 3356 si
871 3305 1033 3369 quaerimus,
1062 3324 1110 3360 cur

632 3369 702 3419 male
720 3369 886 3435 depravatum
907 3373 997 3439 luerit,
1017 3391 1110 3428 caussa

632 3437 669 3487 rei
689 3439 714 3487 r'n
725 3448 827 3502 promtu
840 3449 887 3494 est.
921 3443 986 3495 Noui
998 3445 1108 3510 primum

632 3504 735 3570 quidem
760 3509 849 3559 scribis
873 3512 957 3562 notius
982 3513 1028 3564 fnit
1047 3514 1110 3564 acli-

632 3589 691 3624 vum
702 3572 816 3640 ἀνύτειν,
834 3594 911 3643 quum
923 3580 1036 3632 medium
1050 3594 1109 3632 ver·

632 3643 691 3693 hum
718 3652 856 3711 usurpetur
879 3649 968 3699 rarius.
1007 3651 1108 3703 Quam·

632 3727 709 3776 quam
729 3715 790 3764 illud
808 3731 856 3767 nec
874 3732 889 3765 a
907 3732 1001 3781 prosae
1013 3716 1109 3768 oratio-

631 3783 670 3830 nis
688 3784 874 3834 consuetudine
900 3785 1009 3834 alienum
1028 3783 1109 3834 luisse

632 3849 752 3903 evincunt
771 3867 840 3916 quae
866 3858 986 3903 notarunt
1009 3850 1098 3917 Toup

632 3918 698 3971 Ado.
728 3920 760 3971 ad
793 3918 905 3970 Theocr.
944 3936 968 3984 p.
996 3917 1055 3971 400.
1084 3921 1109 3968 et

633 3985 722 4037 Baeh
732 4003 751 4038 r.
775 3988 808 4038 arl
828 3986 958 4041 Plutarch.
981 3984 1062 4038 Alcib.
1082 3999 1107 4051 p.

631 4050 689 4108 tlt.
731 4054 830 4109 Deinde
863 4051 1034 4118 corruptionis
1062 4062 1111 4121 op·

632 4125 813 4186 portunitntcm
833 4120 923 4178 dedit,
942 4117 1011 4184 quod
1029 4122 1112 4172 conli-

806 4203 864 4261 ὓ*
