2604 4620
502 253 551 299 nn
575 252 793 303 srmosmu.
1054 257 1158 311 xxvn
1222 236 1228 249 “

142 403 264 493 sophus
287 427 352 470 non
379 426 491 471 omnes
518 403 673 481 virtutes,
731 428 792 471 uae
827 406 907 471 alias
935 402 1071 494 sapienti
1100 411 1158 475 tri·

142 491 294 568 buuntur,
316 489 455 555 nuncin
478 486 612 554 Socrate
636 511 694 553 suo
709 428 867 568 laudavit,
892 491 949 556 sed
970 495 1159 560 memoravit

141 585 263 640 tantum
288 597 355 653 eas,
384 595 466 658 quae
494 595 568 638 cum
589 573 706 639 amoris
726 585 842 640 natura
862 575 998 641 arctiore
1019 578 1159 659 quadam

141 659 376 725 necessitudine
391 658 639 735 continerentur,
653 658 713 723 has
726 659 816 745 ipsas
830 682 907 725 vero
920 660 966 743 ita
975 659 1157 741 illustravit,

142 754 189 822 ut,
216 765 317 828 quum
346 743 388 807 ad
416 742 549 828 perfecti
572 742 683 807 erotici
704 742 879 831 imaginem
906 743 1160 810 adumbrandam

119 826 273 904 ¹faciant,
309 839 418 891 tamen
449 848 546 909 quam
572 826 758 894 fidelissime
784 828 888 913 ipsius
918 828 1002 893 vitae
1031 828 1158 893 veritati

141 912 380 977 accommodate
402 910 581 997 descriptae
604 911 678 976 sint.
708 911 827 994 Itaque
852 912 993 977 ostendit
1016 909 1159 978 Socratis

141 996 373 1073 fortitudinem,
396 1018 478 1079 quae
499 996 640 1058 animum
662 1018 682 1059 a
701 996 833 1062 mollitie
847 996 986 1061 alienum
1001 997 1158 1074 declarat3

141 1080 283 1144 ostendit
305 1078 548 1165 temperantiam
570 1090 600 1143 et
622 1079 858 1157 continentiam,
881 1101 964 1162 quae
984 1080 1084 1144 animi
1105 1103 1158 1145 ar-

141 1174 333 1249 gumentum
358 1173 407 1228 est
420 1162 562 1227 *humilis
589 1162 794 1246 abiectaeque
821 1163 995 1249 voluptatis
1017 1164 1160 1230 fructum
1228 1162 1231 1168 ’

140 1240 297 1332 gene'rose
318 1247 541 1331 adspemantis
548 1271 557 1324 3
580 1244 720 1311 ostendit
740 1246 880 1330 denique
902 1247 1078 1332 sapientiae
1100 1272 1158 1314 cu·

85 1378 88 1383 .
140 1330 323 1415 piditatem,
351 1352 416 1412 qua
442 1350 533 1394 mens
559 1353 579 1394 a
607 1352 714 1395 rerum
740 1342 940 1397 terrenarum
967 1332 1159 1417 cogitatione

138 1423 295 1499 perpetuo
321 1414 364 1478 ad
389 1436 497 1479 rerum
523 1414 708 1481 coelestium
729 1416 1028 1501 contemplationem
1049 1416 1157 1482 evehi-

139 1508 191 1562 tur
197 1521 206 1574 3
233 1498 374 1563 iustitiae
403 1509 509 1563 autem
532 1509 564 1565 ct
585 1509 793 1600 cognatarum
813 1499 969 1565 virtuttun
988 1499 1063 1565 ideo
1083 1501 1158 1565 nul·

138 1582 203 1647 lam
223 1583 419 1648 mentionem
439 1583 561 1662 iniecit,
583 1605 659 1667 qura
680 1606 752 1650 cum
774 1584 894 1649 amoris
914 1584 1031 1649 affectu
1051 1584 1159 1650 minus

142 1666 312 1733 cohaerere
337 1667 533 1747 viderentur,
563 1691 757 1753 quamquam
783 1666 929 1757 Platonis
954 1668 1073 1735 iudicio
1102 1671 1159 1753 qui

141 1750 310 1836 sapientia,
331 1751 519 1817 fortitudine
541 1763 573 1817 et
594 1753 807 1839 temperantia
827 1762 959 1818 ornatus
980 1763 1039 1833 est,
1066 1753 1096 1818 is
1116 1774 1159 1818 ne

138 1835 261 1901 iustitia
281 1837 411 1920 quidem
433 1848 531 1914 caret,
561 1859 657 1920 quam
678 1848 803 1903 constat
824 1837 865 1903 ab
888 1860 926 1903 ec
946 1859 1006 1923 prc
1027 1837 1158 1903 absolu-

139 1919 224 1984 tione
263 1921 405 2004 quadam
440 1931 537 2005 atque
568 1922 761 2008 perfectione
794 1933 971 1988 ceterarum
1002 1921 1159 1987 virtutum

132 2005 282 2071 'omniurn
310 2026 383 2070 esse
408 2004 560 2069 habitam.
594 2005 646 2070 De
675 2029 740 2090 qua
765 2030 801 2072 re
828 2007 968 2070 diximus
989 2006 1023 2070 in
1044 2006 1158 2073 Prole·

138 2111 257 2175 gomm.
279 2087 322 2153 ad
343 2088 513 2175 Bempubl.
535 2112 567 2175 p.
588 2090 788 2175 XXXI-sq.
817 2090 925 2174 Atque
946 2090 1025 2156 haec
1046 2101 1158 2155 tenen-

139 2186 207 2250 tes,
240 2194 396 2256 quorsum
428 2185 573 2260 spectent
605 2196 688 2259 quae
715 2175 839 2261 passim
866 2174 964 2240 variis
994 2171 1159 2261 Symposii

107 2256 219 2321 xlocis
247 2258 288 2323 de
309 2254 452 2323 Socratis
478 2258 621 2324 moribus
648 2271 680 2325 et
705 2260 835 2347 ingenio
861 2270 1042 2336 narrantur,
1071 2259 1160 2324 nullo

141 2340 273 2427 negotio
299 2342 540 2441 perspiciemus.
571 2343 666 2410 Nunc
693 2346 778 2409 enim
806 2345 899 2409 facile
928 2354 1071 2429 apparet,
1102 2365 1160 2408 cur

139 2424 193 2489 ille
220 2425 253 2491 in
275 2425 378 2511 princ]
403 2427 435 2492 io
455 2427 529 2493 libri
551 2428 685 2507 dicatur,
712 2429 789 2494 dum
811 2430 854 2492 ad
875 2429 986 2514 epulas
1007 2428 1078 2504 iret,
1106 2449 1159 2491 re-

138 2519 235 2659 pente
256 2449 506 2577 meditabundus
527 2513 561 2577 in
582 2513 707 2578 vicinae
734 2512 902 2578 cuiusdam
924 2513 1038 2576 domus
1060 2512 1158 2577 vesti-

162 2595 216 2659 ulc
239 2595 438 2672 substitisse3
468 2597 502 2661 in
523 2619 541 2660 a
566 2596 632 2661 rico
653 2597 732 2662 item
754 2607 813 2674 est,
837 2619 894 2662 cur
916 2607 1059 2661 extremo
1081 2618 1158 2660 con-

138 2676 225 2744 vivio
247 2679 334 2744 solus
355 2691 484 2744 maneat
506 2619 633 2745 sobrius
653 2691 687 2745 et
707 2681 758 2746 vel
778 2682 969 2746 fortissimos
983 2691 1158 2766 potatores,

138 2763 349 2849 Agathonem·
359 2774 392 2828 et
405 2763 706 2850 Aristophanem*),
728 2766 891 2831 alacritate
910 2766 1041 2829 vincens
1055 2764 1159 2829 haud-

85 2896 89 2905 .
140 2866 302 2931 quaquam
324 2847 557 2928 obdormiscat3
580 2872 677 2935 porro
698 2850 901 2915 manifestum
924 2849 985 2912 erit
999 2849 1158 2925 omnibus,

141 2952 294 3013 quorsum
315 2933 484 2998 referenda
506 2934 571 2998 sint
592 2956 674 3017 quse
688 2935 729 2999 de
743 2945 812 2998 arte
826 2934 888 2998 viri
903 2933 1057 2996 amatoria
1070 2932 1159 2996 aliis-

141 3016 309 3097 quecius
338 3017 513 3083 virtutibus
546 3019 712 3093 dicuntum
746 3018 884 3100 denique
920 3017 974 3080 vix
1010 3017 1158 3098 cuiquam

141 3099 260 3183 poterit
282 3100 415 3185 dubium
437 3103 551 3179 videri,
574 3124 727 3185 quorsum
744 3110 867 3185 spectet
879 3100 977 3186 longa
991 3100 1046 3164 illa
1059 3109 1159 3182 atque

117 3184 272 3270 .copicsa
297 3184 478 3251 Alcibiadis
506 3187 617 3263 oratio,
647 3207 721 3269 qua,
750 3207 851 3269 quum
878 3184 976 3267 ceteri
1004 3184 1159 3249 convivae

139 3266 295 3333 Amorem
316 3271 604 3355 praedicavissent,
626 3281 757 3356 repente
772 3270 867 3334 unius
883 3266 1027 3334 Socratis
1046 3269 1159 3333 laudes

139 3351 351 3418 celebrantur.
383 3354 544 3420 Nimirum
571 3356 651 3421 haec
677 3355 784 3420 omnia
810 3355 976 3418 manifesto
999 3376 1036 3419 eo
1057 3353 1159 3439 perti·

138 3446 226 3515 nent,
258 3449 295 3502 ut
320 3438 457 3505 virtutes
487 3441 646 3505 amatoris
663 3439 844 3526 philosophi
870 3439 904 3502 in
929 3461 996 3503 uno
1024 3435 1159 3505 Socrate

102 3553 109 3571 -·
139 3522 283 3588 maxime
301 3545 474 3609 expressas
494 3525 595 3589 firisse
615 3524 758 3611 legentes
781 3524 985 3590 edoceantur.

182 3604 250 3671 Sed
278 3608 387 3673 missis
415 3608 528 3673 ceteris
557 3608 646 3687 locis,
675 3609 709 3673 in
737 3609 854 3693 quibus
881 3608 921 3674 de
944 3606 1086 3673 Socratis
1106 3607 1158 3670 in-

139 3690 235 3776 genio
262 3702 295 3757 et
322 3693 466 3759 moribus
493 3692 619 3780 agitur,
647 3692 791 3759 dicamus
818 3695 859 3758 de
886 3717 953 3759 una
977 3689 1159 3756 Alcibiadis

160 3840 276 3851 σηοω-.-
283 3846 295 3850 -
304 3847 328 3852 --

180 3911 206 3978 *)
225 3917 294 3978 Quid
304 3918 491 3997 Aristophanes
509 3919 621 3982 potando
640 3918 755 3980 valuerit,
774 3918 955 3995 perspiciturc
973 3912 1157 4029 vssrblsssryld'

223 3984 1157 4119 tttbtr.l‚tttt.ltt.ztttttttttttttdtttttttqt.
