2604 4620
510 247 559 299 sn
583 216 798 293 srurosmu.
1107 247 1146 292 x1

138 399 375 485 Eryximuehus
396 397 551 476 medicus,
577 418 712 481 eumque
738 396 920 463 rationibus
936 419 977 462 ex
998 407 1067 462 arte
1087 420 1146 462 sua
1247 426 1252 433 ·

138 485 313 584 depromtis
334 483 509 560 confinnat,
534 492 629 566 atque
650 491 760 546 auctor
783 481 838 569 [de
861 481 1019 547 sententia
1039 481 1145 547 Phae-

139 569 205 657 dn]
234 576 282 635 est
307 568 450 652 reliquis,
479 577 515 632 ut
532 566 659 653 singuli
685 566 836 652 deinceps
863 567 1005 632 oratione
1033 567 1145 632 laudes

139 653 269 718 Amoris
290 651 459 719 celebrent.
492 651 673 716 Dimittitur
694 651 872 736 tibicina*).

179 737 308 803 Primus
330 738 371 803 de
392 737 513 802 Amore
536 737 613 811 dicit
632 735 802 800 Phaedrus
825 735 951 822 [utpote
975 735 1147 820 primarius

137 823 262 891 consilii
282 821 421 909 auctor],
445 842 580 906 eumque
601 820 746 886 Hesiodo
759 820 1014 904 Parmenideque
1036 830 1145 884 aucto-
1235 826 1238 831 '

136 907 226 973 ribus
248 908 380 974 deorum
400 907 541 971 omnium
561 904 817 990 antiquissimum
846 929 919 971 esse
941 905 1089 982 ostendit,
1116 917 1149 968 et

136 993 246 1058 multis
268 1016 309 1058 ex
329 992 430 1057 veteri
443 991 576 1056 historia
589 990 761 1076 propositis
776 991 931 1077 exemplis
948 990 1064 1075 probat
1077 988 1147 1053 eius

136 1077 278 1142 divinam
300 1099 370 1142 esse
392 1077 457 1142 vim
479 1077 521 1140 ad
541 1076 703 1140 hominurn
728 1076 850 1140 animos
872 1075 913 1139 ad
935 1097 1062 1139 omnem
1080 1074 1146 1138 vir-

137 1172 239 1229 tutem
263 1160 499 1244 incitandos**)
528 1159 802 1248 [quandoquidem
827 1159 1000 1224 amantium
1034 1158 1147 1222 animis

136 1248 304 1335 ingeneret
334 1246 501 1312 honestam
536 1245 771 1323 verecundiam,
804 1243 1150 1330 praestantissimarum

136 1333 292 1398 virtutum
313 1330 507 1418 parentem}

180 1415 349 1483 Secundus
373 1416 461 1504 [post
482 1416 560 1481 ahos
583 1416 712 1492 scilicet,
755 1437 868 1480 uorum
889 1414 1049 1479 orationes
1070 1411 1151 1477 Ari-

112 1535 115 1539 ·
138 1502 300 1567 stodemus
322 1501 497 1566 transmisit
519 1499 659 1587 silentio]
684 1511 733 1564 est
774 1499 934 1576 ausanias,
955 1499 1006 1564 vir
1026 1499 1060 1563 in
1103 1497 1147 1562 ri-

137 1587 199 1651 mis
212 1587 349 1669 ἐρωτικὸς
363 1596 397 1650 et
410 1595 533 1647 amator
543 1583 732 1669 Agathonis.
753 1583 819 1649 Hic
832 1583 1037 1669 reprehendit
1046 1521 1149 1648 Phae·

138 1672 243 1745 drum,
264 1668 350 1751 quod
362 1667 551 1752 simpliciter
563 1666 741 1732 laudaverit
753 1667 918 1745 Amorem,
940 1691 978 1733 ac
993 1669 1019 1733 si
1034 1668 1148 1732 unicus

139 1765 263 1818 tantum
285 1761 369 1816 esset
390 1750 502 1816 Amor.
524 1748 657 1828 Verum,
678 1751 791 1834 inquit,
813 1762 850 1817 ut
871 1752 990 1837 duplex
1011 1763 1059 1816 est
1080 1751 1148 1816 Ve-

138 1859 210 1916 nus,
222 1836 322 1902 altera
335 1835 491 1912 eoelestis,
504 1833 606 1900 altera
619 1834 771 1922 vulgaris,
782 1835 828 1899 ita
842 1836 961 1922 duplex
975 1845 1024 1900 est
1034 1836 1147 1912 Amor,

138 1924 219 1988 alter
237 1920 398 1998 eoelestis,
419 1918 563 2008 vulgaris
583 1919 673 1985 alter.
702 1919 814 2004 Atque
835 1931 951 1986 natura
972 1920 1067 1986 etiam
1088 1920 1149 1983 hu-

137 2028 305 2072 manarum
325 2005 487 2070 actionum
507 2003 579 2069 talis
600 2014 659 2085 est,
681 2015 718 2069 ut
738 2005 825 2070 nulla
844 2006 879 2070 in
901 2029 936 2071 se
957 2007 1027 2091 ipsa
1042 2005 1085 2069 sit
1097 2004 1151 2071 vel

137 2093 241 2178 turpis
262 2090 315 2156 vel
335 2089 536 2156 honesta...
558 2087 628 2155 Sed
647 2089 862 2156 Athenienses
884 2101 917 2155 et
929 2090 1149 2156 Lacedaemo-

138 2176 185 2241 nii
206 2176 345 2259 reliquas
366 2184 479 2262 gentes
499 2197 600 2258 quum
620 2174 754 2240 aliarum
774 2175 882 2263 legum
901 2175 1058 2261 sapientia
1078 2174 1149 2239 vin-

138 2271 226 2339 cunt,
250 2271 318 2325 tum
339 2283 450 2326 earum
470 2259 619 2339 maxime,
639 2282 724 2344 quae
743 2259 786 2326 de
806 2260 929 2326 Amore
951 2269 1033 2325 sunt.
1066 2258 1151 2324 Nam

137 2346 227 2431 apud
246 2344 365 2411 Persas
389 2356 425 2411 et
444 2341 600 2424 Graecos,
627 2345 683 2430 qui
708 2345 823 2410 horum
851 2345 986 2431 imperio
1015 2343 1152 2409 subiecti

139 2441 224 2509 sunt,
255 2431 360 2516 turpis
387 2429 525 2496 habetur
574 2452 723 2495 uerorum
751 2452 849 2509 amor,
879 2430 967 2514 quod
987 2429 1150 2514 tyrannidi

136 2515 276 2581 maxime
297 2526 347 2581 est
366 2515 511 2593 infestus.
567 2515 636 2601 pud
649 2513 789 2580 Boeotos
809 2524 841 2580 et
853 2513 951 2580 Eleos
966 2524 1075 2580 contra
1088 2514 1150 2577 im-

137 2601 251 2687 punita
271 2599 341 2666 eius
362 2611 412 2666 est
432 2600 573 2666 licentis.
593 2598 695 2686 Apud
715 2622 774 2665 nos
795 2621 870 2664 vero
886 2599 1150 2665 etLacedaemo-

136 2684 208 2750 nios
228 2686 318 2771 leges
339 2708 414 2751 eum
434 2708 494 2751 nec
519 2685 708 2772 permittunt
734 2684 919 2772 simpliciter
945 2707 1004 2750 nec
1029 2693 1150 2762 vetant,

139 2771 198 2836 sed
220 2768 422 2835 cautionibus
444 2781 477 2836 et
497 2780 584 2836 certa
603 2769 727 2836 ratione
741 2769 1012 2835 circumscribunt.
1034 2768 1150 2853 Itaque

138 2854 252 2931 Anior,
275 2854 303 2920 si
318 2877 359 2919 ex
373 2855 487 2920 mentis
508 2854 724 2941 pulcritudine
747 2866 780 2920 et
800 2854 928 2920 virtutis
950 2855 1055 2919 studio
1078 2877 1150 2918 sus-

137 2938 265 3023 cipitur,
287 2938 452 3013 laudatur3
476 2938 504 3003 si
525 2961 603 3004 vero
623 2939 665 3002 ad
684 2939 824 3024 corporis
844 2939 980 3003 formam
1000 2938 1150 3014 refertur,

137 3031 318 3189 magnagt
345 3023 495 3088 amatoris
523 3032 557 3088 et
582 3023 685 3087 ornati
705 3022 881 3108 ignominia
902 3045 921 3086 a
941 3022 1070 3108 legibus
1090 3044 1149 3085 no-

138 3116 225 3171 tatur
306 3152 314 3168 .
496 3160 498 3165 ,

180 3189 354 3255 Proximus
375 3189 406 3256 ei
428 3201 477 3257 est
490 3191 742 3277 An'stophanes3
766 3192 823 3258 sed
835 3192 963 3258 dicendi
976 3190 1150 3279 provincia,
1235 3204 1239 3211 ·

137 3298 221 3360 quae
242 3275 353 3343 ordine
375 3275 417 3340 ad
438 3299 511 3342 eum
532 3288 673 3356 venerat,
695 3274 863 3362 quominus
883 3279 1046 3365 fungatur,
1072 3297 1149 3362 pro-

136 3360 266 3427 hibetur
289 3361 442 3450 singultu,
465 3385 506 3429 ex
526 3363 623 3430 nimio
645 3363 715 3429 cibo
736 3373 879 3449 potuque
898 3363 949 3428 vel
962 3363 1024 3426 alia
1037 3383 1151 3426 caussa

137 3457 215 3514 orto.
251 3445 367 3532 Itaque
395 3448 437 3512 ad
465 3448 648 3535 proximum
669 3472 704 3514 se
725 3448 881 3513 convertit
900 3445 1149 3531 Eryximaohum

136 3533 307 3610 medicum,
337 3532 378 3599 ab
401 3554 502 3617 eoque
523 3535 674 3633 postulat,
703 3545 739 3597 ut
760 3534 810 3598 vel
836 3556 857 3598 a
880 3531 1022 3620 singultu
1042 3531 1148 3617 ipsum

137 3617 251 3683 liberet
283 3617 335 3684 vel
360 3640 420 3704 pro
449 3641 484 3683 se
506 3619 632 3684 dicendi
660 3618 855 3704 provinciam
878 3616 1039 3709 suscipiat,
1065 3615 1149 3703 'Ego

139 3723 225 3782 vero,
254 3702 359 3788 inquit
385 3702 632 3788 Eryximachus,
660 3714 828 3789 utrumque
856 3703 986 3768 faciam:
1017 3725 1092 3766 nam
1119 3709 1150 3764 et

182 3895 195 3923 *
227 3909 305 3955 usque
322 3898 354 3944 ad
372 3911 396 3959 p.
412 3901 467 3947 178.
478 3897 513 3948 A.
