2604 4620
113 200 229 249 LXVIII
487 194 754 244 Puonnaosmna

153 352 200 417 Et
231 352 273 415 de
306 358 453 436 tempore
477 348 618 432 quidem,
651 368 715 431 quo
738 344 952 431 Symposium
982 345 1134 435 scriptun

112 460 183 505 esse
215 433 366 500 credibile
399 434 457 512 sit,
494 433 573 499 haec
605 430 791 517 exposuisse
822 452 890 495 non
922 430 994 495 erit
1029 454 1135 519 super-

114 542 365 691 val'bliibiliuum
385 613 489 668 estex
503 604 572 669 loco
611 651 619 667 .
636 603 708 667 193.
723 600 767 666 A.
781 600 899 667 librum
920 600 1050 667 littaris
1064 624 1133 669 exa·

110 699 215 753 ratum
244 711 315 754 esse
342 698 414 774 post
437 685 482 755 Ol
536 712 569 775 p.
586 626 643 765 h&
662 689 711 764 4.,
734 707 798 770 quo
823 707 909 751 anno
930 683 1134 754 Mantineam

112 773 253 839 dirutam
275 774 375 839 fuisse
396 795 438 838 ex
488 772 606 858 hueyd.
621 770 663 837 V.
679 772 730 837 29.
758 769 913 855 Xenoph.
935 768 1036 837 Hell.
1052 770 1134 839 Ἡ.

111 857 251 924 Aristot.
273 858 344 924 Pol.
364 857 408 922 H.
430 859 460 922 1.
486 857 622 924 Diodor.
640 854 720 922 XV.
750 856 780 921 5.
806 855 1020 942 intelligitur.
1069 856 1134 929 Du-

69 974 73 979 ·
110 943 205 1009 bitari
227 953 333 1007 tamen
355 952 471 1028 potest,
499 951 596 1041 puoto
623 963 706 1006 anno
731 950 806 1027 post
825 939 906 1007 illud
927 939 1031 1006 urbis
1054 942 1133 1009 exei-

111 1027 201 1093 dium
227 1026 308 1093 liber
335 1026 421 1093 consi
540 1035 673 1112 coeptus
701 1025 751 1091 sit.
788 1023 834 1089 Et
856 1020 1133 1093 Schleierma·

111 1111 400 1195 cherusquidem
453 1133 475 1195 p
500 1109 674 1176 .Platonn.
700 1109 774 1175 Vol.
793 1108 837 1174 II.
860 1108 899 1173 P.
918 1108 965 1174 Π.
1023 1112 1134 1190 .382.,

54 1219 65 1238 ‘
113 1196 266 1280 quoniam
279 1195 446 1262 Mantinea
460 1133 591 1281 (llymp.
608 1196 678 1274 102,
694 1196 725 1258 3.
748 1192 960 1260 testeXeno
1053 1196 1134 1263 Hell.

112 1281 172 1348 VI.
190 1283 220 1360 5,
234 1284 277 1361 4.,
299 1280 356 1346 ubi
370 1304 400 1345 v.
417 1277 664 1358 Schneider„
686 1288 719 1344 et
738 1277 899 1344 Diodor.
914 1217 1006 1347 xl.
1025 1282 1081 1347 12.
1100 1282 1135 1347 sit

113 1366 278 1446 restituta,
307 1366 375 1431 fieri
402 1388 495 1451 posse
522 1373 647 1442 censet,
676 1373 713 1429 ut
739 1361 950 1450 Symposium
978 1365 1041 1431 illo
1070 1366 1134 1455 ipso

112 1464 256 1536 tempore
284 1451 438 1534 scriptum
465 1451 521 1528 sit,
558 1450 635 1536 quip
703 1471 768 1534 quo
799 1447 876 1514 item
901 1449 953 1514 rei
980 1452 1135 1519 memoria

112 1535 212 1601 fuerit
232 1536 460 1601 recentissima.
495 1535 608 1621 Itaque
658 1557 696 1600 oc
722 1542 844 1599 tantum
870 1532 1048 1619 probabile
1071 1559 1134 1603 esse

113 1621 169 1699 ait,
184 1620 365 1687 confectum
377 1620 495 1685 librum
509 1643 581 1686 esse
595 1620 680 1686 inter
691 1615 822 1704 Olymp.
839 1619 890 1697 98,
902 1620 933 1683 4.
950 1629 987 1684 et
998 1618 1132 1709 Olymp

113 1707 186 1783 102,
208 1707 238 1771 3.
272 1702 339 1772 Sed
361 1717 453 1771 acute
475 1705 556 1770 vidit
575 1704 818 1782 Ruckertus‚
841 1724 941 1787 quum
963 1702 1132 1773 Mantinea

112 1791 342 1869 restitueretur,
364 1790 546 1877 propiorem
560 1813 632 1856 esse
647 1788 797 1855 debuisse
810 1787 844 1851 in
864 1811 968 1873 unum
990 1791 1132 1858 redeun-

113 1878 193 1941 tium
223 1876 448 1963 cogitationem
476 1897 572 1959 quam
597 1875 672 1941 olim
699 1873 903 1939 disiectorum
930 1876 1131 1955 memoriam,

113 1961 200 2045 quod
222 1960 262 2025 ab
277 1961 506 2046 Aristophanis
521 1960 663 2025 oratione
677 1958 855 2025 abhorreat.
879 1956 1050 2039 Quocirca
1061 1960 1130 2027 libri

115 2045 317 2130 scriptionem
332 2042 552 2132 anteOlymp.
569 2045 640 2109 102.
655 2044 773 2109 factam
794 2065 865 2108 esse
885 2066 945 2129 pro
960 2047 1130 2132 explorato

113 2127 281 2193 habemus.
302 2127 371 2194 Neo
393 2152 468 2194 vero
482 2151 614 2194 necesse
629 2137 677 2193 est
693 2139 840 2205 statuere,
855 2150 927 2193 eam
941 2127 1020 2196 ideo
1034 2130 1130 2205 multu

115 2222 189 2296 post
210 2210 340 2313 Olymp.
356 2214 407 2292 98,
422 2215 454 2278 4.
477 2235 546 2278 esse
573 2223 769 2363 susceptam,
796 2212 873 2297 qnia
889 2211 1130 2301 Aristophanes

116 2295 165 2363 rei
187 2296 386 2365 tristissrmae
408 2322 466 2385 per
487 2298 588 2364 risum
608 2309 640 2364 et
672 2297 834 2363 udibrium
854 2298 977 2364 iniiciat
991 2300 1127 2367 mentio·

116 2405 199 2449 nem.
230 2381 357 2448 Audias
379 2385 464 2449 enim
485 2383 737 2469 Xenophontem
750 2382 878 2448 Hellen.
897 2382 941 2449 V.
962 2385 995 2462 2,
1020 2389 1048 2451 7.
1077 2385 1124 2447 καὶ

114 2465 1120 2552 mfflfflwfflmsswwmmmfflmffl

116 2552 281 2634 καθαιρεῖν,
299 2553 390 2620 ἄλλας
405 2555 439 2615 δὲ
455 2556 637 2637 οἰκοδομεῖν·
654 2554 719 2616 ἐπεὶ
734 2553 768 2615 δὲ
784 2556 810 2617 οἱ
827 2551 947 2637 ἔχοντες
961 2554 1012 2623 τὰς
1025 2551 1121 2619 οὐσίας

116 2634 271 2718 ἐγγύτερον
288 2637 340 2718 μὲν
357 2634 456 2720 ᾤκουν
471 2643 529 2700 τῶν
544 2639 673 2721 χωρίων,
695 2636 785 2700 ὄντων
803 2639 903 2706 αὐτοῖς
916 2640 986 2723 περὶ
999 2639 1050 2707 τὰς
1067 2638 1123 2700 κόν-

116 2741 182 2800 μας,
199 2719 406 2805 ἀριστοκρατίᾳ
422 2721 449 2782 δ’
467 2721 609 2805 ἐχρῶντο,
632 2720 852 2805 ἀπηλλαγμένοι
866 2723 894 2784 δ’
910 2721 986 2806 ἦσαν
999 2726 1059 2785 τῶν
1073 2723 1126 2806 βα-

117 2802 405 2888 ρέωνὸημαγωγῶκ
427 2807 557 2890 ἥδοντο
581 2810 659 2875 τοῖς
681 2806 975 2891 πεπραγμένοις

157 2889 203 2953 At
232 2889 315 2990 enim
343 2890 483 2978 ingentis
509 2889 740 2991 anachronismi
761 2891 820 2991 .th
844 2891 1012 2958 Platonem
1036 2912 1125 2957 reum

115 2974 1125 3161 enata.quaeritantemhaute

115 3168 187 3209 men
201 3146 450 3232 Aristophanem
464 3171 503 3214 ea
521 3147 634 3213 fecerit
646 3158 884 3224 memorantem,
905 3168 988 3231 quae
1002 3155 1125 3212 circiter

116 3229 246 3326 triginta
267 3230 392 3297 duobus
414 3234 506 3297 annis
526 3242 600 3319 post
620 3233 801 3298 acciderint.
831 3230 928 3317 Quod
948 3231 1071 3297 crimen
1089 3239 1127 3294 ut

115 3311 279 3391 lemretur,
308 3336 372 3378 non
399 3316 571 3381 defuerunt
594 3318 650 3400 qui
676 3318 723 3382 ita
743 3327 965 3383 succurrerent
984 3314 1128 3402 philoso-

115 3392 192 3476 phe,
215 3406 256 3459 ut
272 3398 378 3462 locum
398 3399 488 3466 illum
508 3400 549 3464 ab
571 3424 608 3466 eo
622 3402 655 3466 in
670 3403 809 3468 secunda
824 3402 928 3488 operis
940 3397 1125 3465 recensione

114 3477 340 3562 interpositum
367 3506 437 3549 esse
466 3485 653 3565 iudicarent,
682 3487 717 3553 id
742 3487 829 3573 quod
853 3484 970 3574 placuit
996 3490 1125 3567 praeter

115 3561 194 3629 alios
215 3561 461 3632 Hartmanno
482 3568 516 3632 in
529 3568 644 3636 Beokii
659 3570 872 3639 Commentar.
889 3568 1004 3638 societ.
1017 3564 1126 3654 pbilo-

115 3647 179 3736 log.
194 3646 287 3734 Lips.
309 3648 382 3714 Vol.
395 3651 423 3716 1.
444 3651 483 3716 P.
498 3653 524 3718 I.
546 3677 579 3754 p.
595 3657 666 3721 167.
703 3656 752 3721 At
771 3657 910 3741 primum
931 3652 1061 3741 quidem
1080 3651 1128 3717 ita

115 3756 180 3800 non
200 3734 304 3799 minor
324 3732 508 3815 difficultas,
531 3760 559 3803 sr
579 3762 643 3824 qua
664 3752 723 3821 est,
745 3753 898 3821 remanet,
919 3762 1016 3827 quam
1034 3737 1062 3805 si
1075 3748 1125 3803 to·

117 3830 185 3898 tum
211 3817 416 3907 Symposium
443 3844 507 3886 uno
535 3834 643 3890 tenore
674 3827 885 3914 perscriptum
915 3825 1125 3900 existimetur,

150 4008 641 4078 *)VAmmmmVpAmA
