2604 4620
409 216 472 295 un
496 246 711 296 surmosruu.
1002 237 1072 296 =etv

66 426 118 483 res
144 403 273 479 habeat,
302 410 337 466 ut
363 411 397 465 tu
424 399 511 465 dieis.
550 397 670 466 Contra
694 401 860 465 veritatem
887 422 951 466 non
965 413 1071 486 potes

66 491 242 590 disputare,
270 488 312 550 mi
340 485 486 574 Agath03
511 506 588 569 ynam
615 494 724 550 eontra
750 482 915 551 Socratem
942 486 1071 571 quidem

65 575 125 639 tibr
145 573 236 653 lpoile
257 571 359 655 θεῖ’).
727 578 731 597 ¹

109 656 174 747 Sed
200 666 231 725 te
259 657 321 722 iam
349 657 507 721 dimittam
536 665 576 721 et·
594 654 702 739 potius
731 677 906 722 sermonem
934 657 1072 723 referam

65 743 240 822 Diotimae,
264 764 328 827 quo
349 764 415 820 me,
443 762 516 806 cum
536 741 705 816 Amorem,
731 751 768 803 ut
788 751 834 819 tu,
878 741 1073 808 raedicarem

64 836 96 893 at
117 826 251 893 deorum
270 827 444 893 maximum
465 846 621 903 vocarem,
645 824 820 913 redarguit.
855 763 968 911 itaque
988 827 1073 892 enim

63 913 186 993 Amor,
203 922 239 976 ut
260 911 366 997 aiebat
386 910 548 989 Diotima,¹
568 919 618 976 est
638 910 750 995 pulcer
770 920 801 976 et
822 909 941 987 bonus,
969 931 1073 994 neque

64 997 160 1063 etiam
181 997 286 1083 turpis
308 1006 341 1063 et
361 996 479 1075 malua,
508 994 565 1061 sed
590 995 625 1059 in
652 994 757 1061 medio
777 995 870 1079 quasi
891 994 1072 1074 oolloeatus,

63 1093 100 1147 ut
125 1084 209 1146 inter
235 1081 401 1147 scientiam
427 1091 459 1146 et
487 1079 720 1168 ignorationem
741 1079 906 1145 interiecta
927 1090 976 1144 est
997 1101 1074 1146 vera

62 1190 82 1232 o
104 1165 180 1243 inio,
203 1177 236 1232 et
256 1166 340 1232 inter
361 1165 521 1253 sapientes
543 1175 576 1230 et
591 1165 776 1254 ignorantes
791 1172 840 1229 est
852 1163 1072 1251 philosophus.

94 1273 176 1336 eque
196 1251 277 1316 deus
297 1260 363 1330 est,
391 1273 465 1316 nam
487 1271 597 1316 eorum
618 1258 668 1316 est
688 1249 868 1327 beatitudo,
891 1271 993 1334 eaque
1014 1272 1073 1335 po·
1119 1292 1121 1297 ·
1152 1274 1165 1291 =

63 1336 125 1401 sita
146 1345 195 1401 est
211 1336 246 1401 in
260 1336 463 1423 possessione
476 1334 552 1400 boni
566 1335 742 1422 pulerique,
764 1355 846 1419 quae
860 1332 974 1413 Amor,
995 1334 1074 1483 quia

61 1420 249 1499 nonhabet,
272 1421 376 1506 eupit3
397 1443 502 1506 nequo
524 1431 629 1486 tamen
649 1419 744 1485 homo
766 1430 830 1498 est,
854 1418 912 1484 sed
933 1441 974 1485 ex

61 1528 192 1571 monum
213 1516 262 1570 eet
283 1528 418 1592 genere,
446 1527 581 1590 quorum
601 1505 661 1571 hoc
683 1515 731 1570 est
750 1526 883 1583 munus,
913 1515 950 1569 ut
969 1504 1074 1569 nuntii

61 1590 317 1674 interpretesque
344 1590 476 1655 deorum
502 1589 565 1653 sint
591 1589 678 1674 apud
702 1588 862 1666 homines,
891 1601 924 1655 et
949 1590 1073 1676 repleto

63 1675 124 1738 hoe
156 1675 257 1758 spatio
289 1682 389 1738 totum
417 1673 603 1737 universum
634 1695 697 1737 uno
722 1672 849 1738 vinculo
879 1675 1072 1740 contineant.

62 1758 143 1822 Inde
168 1757 271 1823 omnis
298 1757 448 1822 divinatio
474 1765 570 1841 atque
591 1757 857 1858 religipqpendet3
887 1758 967 1824 dena
988 1758 1073 1823 enim

64 1865 138 1907 eum
158 1841 337 1907 hominibus
359 1861 423 1907 non
442 1840 513 1928 ipse
533 1841 612 1930 agit,
634 1864 695 1906 msr
711 1843 927 1907 intercedente
943 1843 1072 1908 daemo-
1185 1907 1190 1924 ,
1242 1870 1245 1892 ι

63 1950 140 1992 num
167 1926 350 1992 ministerio.
387 1926 485 1991 Patre
510 1937 618 1993 autem
643 1935 738 1991 natus
766 1936 814 1991 eet
838 1925 940 2005 Poro,
972 1937 1072 1992 matre
1157 1944 1160 1949 ·

62 2012 179 2078 Pania:
208 2012 294 2077 unde
317 2008 445 2090 fectum,
467 2021 504 2076 ut
525 2034 545 2076 a
564 2012 676 2076 matris
695 2011 801 2077 indole
822 2010 955 2077 haberet
976 2034 1072 2112 squa-

62 2098 173 2175 lorem,
196 2097 354 2175 duritiem,
376 2096 408 2162 vi
434 2097 518 2162 ''am
538 2097 579 2161 ad
592 2097 719 2175 ianuas,
743 2107 875 2182 epatre
897 2097 1072 2175 audaciam,

63 2183 181 2259 dolum,
202 2182 366 2268 ingenium
387 2204 405 2248 e
442 2205 512 2248 cax.
546 2179 613 2247 Sed
634 2183 667 2246 in
687 2180 869 2247 hominibus
884 2182 940 2266 qui
955 2182 1073 2248 dicitur

62 2267 247 2347 Amor‚,est
260 2268 312 2332 ille
327 2269 455 2333 omnino
469 2266 662 2352 cupiditas
676 2265 930 2332 beatitudinis
952 2267 1071 2333 omni-

62 2353 131 2417 bus
152 2354 292 2417 innata.
326 2351 519 2436 Quanquam
538 2352 667 2418 Amoris
688 2372 804 2418 nomen
825 2352 976 2436 loquendi
994 2375 1071 2418 oon-

62 2438 197 2502 suetudo
218 2447 336 2504 temere
356 2437 397 2503 ab
418 2437 569 2503 universo
589 2459 706 2524 genere
728 2437 837 2503 avellit
857 2447 890 2501 et
911 2437 953 2502 ad
974 2459 1071 2501 unam

61 2523 194 2587 sormam
216 2521 400 2588 adstrinxit:
429 2522 515 2607 quod
535 2522 568 2587 in
590 2522 661 2587 aliia
683 2543 811 2607 quoque
831 2522 929 2587 rebus
950 2522 1072 2587 iactum

37 2618 126 2693 ¹est3
159 2607 256 2672 veluti
285 2617 405 2692 poeta
429 2630 529 2693 quum
577 2607 683 2695 roprie
710 2607 752 2672 sit
779 2608 883 2673 omnis
910 2607 980 2685 ille,
1015 2608 1091 2692 qui,

62 2691 220 2771 efficit,
248 2703 355 2758 tamen
375 2715 492 2758 nomen
513 2630 657 2759 adliaesit
677 2714 796 2779 parvae
817 2692 901 2779 parti
923 2693 967 2770 ei,
988 2714 1071 2777 quaa

61 2776 96 2840 in
122 2777 232 2842 metris
258 2788 291 2844 et
318 2778 440 2845 musica
456 2778 641 2845 efficiendis
668 2789 822 2844 versatim.
861 2776 917 2843 Sic
942 2776 1071 2844 Amoris

60 2860 165 2925 visin
186 2862 352 2949 angustius
373 2863 512 2948 spatium
532 2863 690 2951 redigitur
711 2872 744 2928 et
763 2864 943 2928 continetur
964 2862 1070 2927 studio

60 2944 206 3028 pariendi
227 2954 260 3010 et
280 2947 454 3032 generandi
474 2946 621 3033 pulcrum
641 2970 683 3012 ex
704 2948 825 3032 pulcro,
849 2957 914 3010 tam
928 2947 1014 3031 quod
1029 2945 1071 3008 ad

60 3028 212 3105 animum,
233 3050 330 3112 quam
350 3031 392 3093 ad
414 3053 540 3116 eorpus.
572 3030 656 3095 Nam
678 3054 716 3095 ea
732 3041 781 3095 est
794 3030 930 3095 hominis
944 3041 1069 3105 natura,

59 3122 107 3190 ut,
130 3133 229 3195 quum
250 3113 292 3177 ad
312 3113 430 3178 iustam
451 3124 588 3179 aetatem
602 3115 793 3200 pervenerit,
816 3136 929 3214 parere
943 3113 1068 3202 gestiat.

12 3222 16 3227 ·
60 3196 107 3283 Et
127 3216 260 3283 corpore
282 3197 412 3281 quidem
433 3198 493 3265 hoe
516 3198 652 3264 efficitur
672 3200 732 3264 viri
751 3199 953 3283 muherisqu'e
972 3197 1069 3275 coitu,

59 3283 93 3346 iu
115 3304 179 3366 quo
199 3282 341 3368 prolecto
363 3283 471 3371 divina
491 3283 648 3373 quaedam
668 3284 752 3350 inest
772 3285 832 3363 vis,
855 3294 892 3349 ut
907 3283 1069 3348 hominum

59 3389 163 3453 genus
187 3367 418 3455 propagatione
442 3369 620 3435 immortale
645 3369 717 3449 fiat,
745 3392 844 3455 quum
865 3368 984 3470 singuli
1006 3368 1070 3434 siut
1139 3382 1143 3391 ’

59 3452 216 3518 mortales.
251 3453 303 3518 Ac
322 3464 454 3541 propter
475 3454 557 3521 hanc
582 3455 685 3540 ipsam
707 3455 857 3544 coniugii
870 3453 1068 3520 diurnitatem

59 3536 111 3616 lit,
140 3548 176 3602 ut
202 3537 313 3624 pulcra
340 3562 474 3626 corpora
500 3549 734 3619 consectemur,
762 3562 843 3624 quae
870 3539 1069 3606 deformibus

59 3623 241 3770 propiorem
272 3623 391 3690 habent
418 3648 491 3691 oum
520 3625 628 3692 divina
656 3636 772 3727 natura
803 3624 1066 3727 coniunetionem.

91 3716 212 3773 etenum
232 3731 302 3795 1pse
324 3711 538 3796 procreandae
561 3709 683 3776 subolrs
704 3710 849 3776 stimulus
868 3733 909 3777 ex
922 3711 977 3776 illo
989 3730 1065 3796 pro·
1136 3766 1139 3783 ι

59 3790 211 3857 ficiscitur
226 3795 393 3881 principio,
416 3797 502 3881 quod
524 3797 664 3887 quilibet,
685 3808 840 3883 quantum
860 3796 929 3862 fleri
950 3803 1065 3882 potest,
1168 3816 1170 3823 ·

58 3968 257 3979 .--—---——.-

101 4065 430 4130 *)p.198.A..201.C.
495 4027 539 4089 t'
