2604 4620
25 3358 32 3367 ‘
91 3342 232 3396 didicisset.

381 242 596 310 nnrnnuo.
621 271 651 328 p.
673 249 724 311 ιτ.
749 248 795 310 ει.
1047 249 1088 307 ει

75 419 221 508 παρόντι
253 424 430 507 μέμνημαι.
469 417 554 490 λἙνὶ
586 425 646 507 μὲν
680 417 783 505 λόγῳ,
820 420 884 511 ἔφη
916 418 935 489 ὁ
971 423 1088 506 Κέβης,

75 527 258 606 καλλίστῳ,
284 515 338 587 ὅτι
367 519 572 607 ἐρωτώμενοι
598 527 629 588 οἱ
655 515 846 607 ἄνθρωποι,
872 518 931 588 ἐοίν
956 546 1006 599 τις
1031 548 1091 589 κα-

76 626 141 702 λῶς
174 623 298 706 ἐρωτᾷ,
330 618 429 691 αὐτοὶ
464 625 594 705 λέγουσι
626 619 738 687 πάντα
765 611 783 712 ᾗ
811 625 888 705 ἔχει·
921 628 1030 689 καίτοι
1063 630 1091 690 τί

75 721 122 811 μὴ
145 720 322 810 ἐτύγχανεν
347 718 464 798 αὐτοῖς
489 719 652 805 ἐπιστήμη
678 722 797 786 ἐνοῦσα
825 725 878 787 καὶ
896 718 1006 811 ὀρθὸς
1033 721 1091 791 λό-

76 849 154 907 γος,
186 820 247 891 οὐκ
280 817 325 888 ἂν
358 820 425 889 οἶοί
458 819 490 887 τ’
534 812 621 902 ἦσαν
654 825 754 889 τοῦτο
788 820 945 901 ποιήσειν.
981 828 1091 891 ἔπειτα

78 922 136 991 ἐάν
173 948 224 1001 τις
260 924 313 988 ἐπὶ
345 916 385 986 τοὶ
420 918 658 1010 διαγράμματα
692 918 758 1013 ἄγη
790 916 811 1004 ἢ
846 918 930 992 ἄλλο
967 948 1000 989 τι
1024 928 1093 996 τῶν

79 1019 263 1112 τοιούτων,
285 1025 440 1089 ἐνταῦθα
466 1030 658 1113 σαφέστατα
685 1033 876 1110 κατηγορεῖ,
908 1019 961 1090 ὅτι
988 1027 1092 1095 τοῦτο

80 1119 190 1200 οὕτως
214 1127 287 1215 ἔχει.
331 1125 380 1217 ιΕὶ
414 1125 447 1189 δὲ
480 1120 526 1210 μὴ
560 1123 667 1217 ταύτῃ
702 1148 757 1206 γε,
793 1128 874 1212 ἔφη,
910 1128 1039 1202 πείθει,
1067 1115 1093 1191 ὦ

82 1218 270 1311 Σιμμιά,’ὁ
297 1220 494 1310 Σωκράτης,
522 1232 653 1317 σκέψαι,
681 1220 740 1289 ἐὰν
765 1226 841 1315 τῇδέ
865 1221 911 1316 πῄ
939 1247 991 1291 σοι
1017 1248 1096 1292 ono·

82 1329 234 1411 πονμένιμ
267 1320 415 1416 συνδόξη.
454 1322 605 1402 ἀπιστεῖς
636 1321 700 1412 γὰρ
734 1321 790 1403 δή,
825 1326 895 1402 πῶς
927 1321 948 1405 η’
974 1328 1097 1393 καλου-

80 1430 160 1509 μένη
185 1423 336 1512 μάθησις
359 1419 546 1510 ἀνάμνησίς
577 1433 682 1508 ἑστινς
730 1420 874 1490 ’Antoni
898 1428 959 1511 μὲν
986 1429 1096 1514 ἔγωγε,

82 1513 101 1605 ἦ
129 1523 160 1591 ‹i’
192 1521 230 1602 ὃς
257 1521 275 1591 ὁ
303 1527 477 1609 Σιμμίας,
507 1521 565 1608 oi,
589 1520 735 1594 atriti
762 1528 883 1607 τοῦτο,
908 1533 988 1618 ἔφη,
1025 1531 1096 1599 δέο-

80 1650 143 1710 μαι
169 1627 316 1702 παθεῖν,
351 1627 426 1708 περὶ
460 1615 500 1690 οὗ
527 1624 544 1692 ὁ
572 1622 686 1708 λόγος,
719 1622 1005 1711 ἀναμνησθῆναι·
1040 1633 1097 1697 καὶ

85 1719 200 1806 σχεδόν
222 1748 256 1804 γε
282 1722 316 1800 ἐξ
342 1713 388 1785 ὧν
417 1722 526 1804 Κέβης
551 1730 732 1814 ἐπεχείρησε
759 1728 861 1807 λέγειν
888 1723 950 1808 ἤδη
975 1734 1098 1815 μέμνη-

153 1944 270 2002 οἷοίτ’
290 1941 373 2011 ἦσαν
393 1952 495 1998 τοῦτο
514 1945 680 2013 ποιήσειν]
699 1948 760 1999 Hoc
777 1963 844 1999 nunc
861 1949 970 2015 primurn
990 1968 1004 2005 e
1023 1952 1098 2006 Bodi.

83 2021 151 2071 Tun.
173 2019 235 2069 Ven.
257 2017 293 2070 Π,
313 2016 425 2069 restitui.
461 2016 610 2080 Legeiiatur
628 2021 718 2066 ποιεῖν.
738 2032 761 2070 v.
781 2032 837 2069 ann.

156 2088 187 2138 B.
223 2086 356 2150 δέομαι·
370 2083 511 2148 παθεῖν]
536 2084 609 2134 Libri
631 2090 739 2150 μαθεῖν,
759 2103 782 2137 v.
803 2100 858 2134 ann
879 2086 1099 2142 Scirieiermache·

85 2173 130 2209 nus
155 2160 251 2205 παθεῖν
278 2169 301 2207 ι.
324 2157 425 2217 μαθεῖν
449 2151 584 2203 delendum
608 2159 711 2215 censet,
739 2154 763 2203 iu
786 2169 838 2216 quo
865 2156 919 2205 viro
945 2156 1024 2207 docto
1048 2174 1099 2208 non

85 2239 226 2292 possumus
243 2220 372 2272 assentiri.
410 2220 508 2286 Δέομαι
533 2221 568 2272 ita
587 2223 701 2287 positum
726 2222 811 2287 tetigit
829 2222 960 2278 Schaeier.
978 2226 1011 2277 nd
1032 2226 1096 2280 Piu-

85 2291 166 2343 tarcir.
184 2291 216 2344 T.
238 2290 265 2342 V.
285 2303 309 2354 p.
327 2287 387 2344 420.

86 2477 118 2514 an
136 2477 193 2512 cuur
213 2460 367 2513 Heindortio
387 2457 566 2522 corrigendum
615 2477 696 2526 μιιια.
751 2458 874 2510 Ceterum
909 2458 1098 2527 διαγράμματα

86 2532 120 2582 sit
141 2532 195 2580 ἰιιιί
217 2548 269 2581 τοι.
309 2529 339 2579 in
362 2527 446 2578 codd.
477 2533 566 2577 tannen
617 2525 1099 2591 sunitfiguraegeonretrioaeut

86 2614 150 2650 mss.
169 2599 267 2663 nulium
289 2603 376 2648 exstat
395 2595 508 2646 metionis
528 2596 566 2645 ie·
616 2594 722 2646 Menon.
742 2596 758 2644 Ι.
778 2609 817 2656 o.‚
844 2610 910 2659 quas
933 2597 1025 2648 Cicero
1045 2599 1099 2663 der

86 2667 179 2718 ottonis
203 2666 351 2730 vestigium.
385 2663 494 2728 Respici
520 2678 566 2712 au·
617 2663 831 2728 scriptiones
849 2665 958 2718 vocarit.

87 2740 139 2787 tem
164 2733 265 2786 videtur
288 2732 321 2784 ad
340 2732 459 2784 Menouis
478 2733 569 2782 iocum'

88 2820 111 2868 p.
132 2802 164 2855 81
190 2817 249 2866 sqq.
284 2801 324 2853 ibi
350 2801 416 2851 enim
441 2800 565 2850 Socrates
615 2852 629 2883 κ

88 2872 221 2937 pusionem
251 2869 379 2933 quendam
403 2868 564 2932 geometrica

87 2938 213 3004 quaedam
243 2937 277 2989 de
307 2937 466 2988 dimensione
500 2951 564 3000 qua-

88 3005 155 3057 drati
181 3007 337 3069 interrogat,
370 3004 403 3055 ad
432 3018 498 3067 qune
528 3004 565 3053 sio

89 3073 132 3122 iiie
148 3074 302 3137 respondet,
325 3079 354 3123 ut
377 3086 455 3136 puer:
480 3077 508 3120 et
525 3076 566 3120 ta-

90 3153 150 3190 men
173 3139 207 3190 ita
233 3139 321 3191 faoiies
352 3139 567 3201 interrogationes
654 3137 774 3200 δέομαι
802 3140 943 3198 παθεῖν,
969 3161 999 3171 -
1025 3133 1097 3185 ἀνα·

91 3212 167 3270 sunt,
197 3212 227 3258 ut
252 3208 379 3274 gradatim
407 3205 567 3270 respondeus
619 3203 830 3271 μνησθῆναι]
867 3204 1021 3267 Quanquam
1052 3220 1098 3256 oo·

91 3290 124 3327 eo
143 3277 276 3340 perveniat
302 3292 355 3341 quo
375 3274 568 3340 sigeornetrica
620 3272 692 3323 dices
717 3286 809 3323 omues
834 3276 953 3332 tuentur,
978 3271 1049 3336 quod
1073 3273 1097 3323 in

273 3313 313 3395 iix
344 3360 396 3409 quo
425 3342 491 3394 effici
514 3343 569 3392 vuit
619 3346 681 3392 vett.
703 3340 775 3391 editt.
795 3339 917 3405 scripturn
931 3346 1025 3403 exstat,
1045 3359 1098 3408 μα-

90 3410 231 3473 Soorates,
258 3414 288 3460 ut
304 3410 404 3464 discere
422 3410 480 3460 niirii
499 3409 567 3460 niind
619 3414 693 3472 θεῖν,
725 3414 812 3458 tannen
841 3408 946 3458 dubium
975 3414 1098 3474 nonest,

90 3479 124 3529 sit
147 3478 194 3529 uisi
212 3477 352 3532 recorded.
385 3480 511 3530 'Ceterum
530 3477 568 3526 in·
619 3478 677 3542 quin
696 3491 754 3528 cum
773 3475 921 3529 Serrano
940 3482 1039 3528 παθεῖν
1060 3479 1099 3530 ie·

88 3546 213 3597 finitivum
232 3545 309 3596 iuturi
333 3544 449 3609 ποιήσειν
471 3561 503 3596 ne
521 3544 568 3594 mi·
619 3543 731 3609 gendum
768 3543 809 3596 sit.
861 3543 997 3596 Sententia
1035 3543 1099 3598 haec

89 3615 171 3677 reris,
199 3612 268 3664 coni.
300 3610 334 3663 ad
357 3613 453 3679 Romp.
479 3612 510 3664 V.
543 3626 567 3676 p.
621 3618 674 3663 est:
692 3612 747 3663 sed
767 3610 1098 3677 irooipsum‚deqno

90 3679 149 3734 459.
168 3681 198 3734 C.
218 3687 246 3733 et
264 3678 411 3736 Lobeck.
434 3679 467 3732 ad
486 3678 569 3744 Phry·
620 3695 727 3731 sermo
760 3685 825 3742 est,
856 3679 890 3742 (in.
919 3697 941 3734 e.
966 3679 1014 3743 ιηι
1034 3679 1100 3731 ‹isni-

91 3746 155 3800 uioh.
172 3765 198 3813 p.
218 3746 276 3802 748
619 3751 731 3815 μιησιι),
745 3747 842 3812 cupio
862 3746 1099 3814 experiri‚hoo

126 3817 325 3884 κατηγορεῖ]
376 3830 441 3866 res
485 3815 570 3881 ipsa
621 3813 1099 3878 est‚courrnoneiieriavo-

92 3884 264 3946 ostendit,
301 3887 451 3950 apparet.
481 3898 504 3936 v.
536 3882 570 3934 do
621 3883 767 3945 bissmte
790 3878 1101 3948 ἤιαλσομιιημιίθησιι
1169 3881 1171 3885 ’

91 3949 142 4000 hoc
162 3962 211 3999 usu
234 3950 326 4003 tertiae
344 3965 472 4017 personae
491 3950 524 4001 ad
545 3966 570 4015 p.
620 3948 759 4014 ἄιιίμιησίς
780 3951 845 4001 ἐστι.
881 3948 962 4000 Ludit
979 3948 1056 4012 igitur
1073 3947 1100 3998 iu

91 4015 134 4070 93.
155 4015 188 4068 Β.
223 4014 280 4068 Nisi
301 4017 369 4070 torta
393 4019 513 4070 malueris
532 4017 571 4066 in·
622 4017 693 4070 verbi
710 4016 910 4082 ἀναμνησθῆναι
923 4013 1099 4079 ambiguitate.

61 4112 67 4151 2
91 4083 211 4149 teiitgere
229 4079 244 4132 δ
263 4082 383 4148 droelini
395 4083 428 4136 sd
442 4083 572 4154 διογηοίμ·
621 4084 661 4138 Do
682 4085 804 4137 infinitivo
827 4081 1029 4149 ἀναμνησθῆναι
1051 4083 1102 4149 [ndu

134 4182 202 4235 Piat.
222 4184 291 4251 Opp.
311 4181 368 4239 vot.
387 4185 407 4237 l.
425 4185 496 4238 Soet.
516 4183 547 4236 ΙΙ.
834 4169 857 4225 ii

650 2762 807 2820 ἀπιστεῖς
830 2763 895 2831 γὰρ
921 2763 973 2829 δή,
996 2764 1093 2830 arieti

635 2833 697 2899 αλ.]
727 2832 762 2883 Η.
790 2849 812 2885 e.
840 2833 978 2884 dubitas
1001 2836 1095 2899 enim,

615 2916 676 2964 quo
702 2899 799 2950 modo
826 2906 868 2951 eto
915 2902 1004 2952 Habet
1028 2904 1096 2954 enim

616 2968 731 3018 ἀπιστεῖν
754 2968 903 3020 adiunctam
929 2968 1097 3020 dubitationis

616 3037 758 3087 notionem.
