2604 4620
303 366 307 374 Ι
369 260 439 335 aa
466 256 792 334 runsuouxu
1006 210 1009 217 ’
1054 261 1100 330 ra

89 454 188 510 tatem
209 439 415 508 discessurus
437 440 596 505 videatur.
629 437 721 520 Quid
741 437 861 524 igitur?
883 436 947 502 ista
968 435 1105 585 legendo

17 580 33 617 4
88 549 194 594 nonne
214 527 261 592 ita
282 526 441 592 afficimur
470 523 587 601 animo,
614 532 652 586 ut
671 521 767 609 plane
796 521 972 587 sentiamus
1023 519 1106 585 latn-

89 635 162 677 nem
186 633 225 676 ea
257 610 452 677 scribentem
476 605 556 670 nihil
580 604 668 671 aliud
700 606 914 692 spectavisse,
941 627 1039 691 quam
1069 616 1107 668 ut

89 696 333 781 philosophum,
348 714 461 759 verum
476 689 605 773 quidem
617 689 709 754 illum
723 700 819 772 atque
834 712 1032 775 germanum,
1047 687 1106 754 de·

89 780 254 866 pingeret,
281 786 315 841 et
329 774 489 859 quomodo
514 774 599 838 idem
626 772 678 838 vel
702 773 785 836 inter
808 774 1008 838 moriendum
1030 795 1106 838 snas

88 875 201 948 partes
217 869 377 936 moretm,
393 857 486 923 nobis
501 856 686 923 ostenderet
700 879 739 921 ac
753 856 967 941 patefaceret?
990 857 1105 923 Enim·

90 969 169 1012 vero
184 955 236 1009 est
248 942 330 1008 haec
344 941 488 1009 Socratis
507 942 572 1006 ima
596 940 775 1027 oprofecto
791 951 855 1005 tam
875 941 1010 1028 grandis
1025 952 1105 1007 tam-

93 1051 157 1113 que
172 1026 310 1104 excelsa,
325 1036 362 1090 ut
375 1027 473 1092 durus
488 1026 545 1091 eti
590 1049 729 1091 umanus
743 1025 892 1092 videatur
905 1048 1038 1092 necesse
1053 1025 1106 1104 sit,

93 1111 152 1196 qui
171 1112 209 1175 ea
222 1111 375 1175 intuenda
393 1133 458 1175 non
473 1111 515 1175 ad
529 1109 705 1188 nobilioris,
721 1111 937 1197 generosioris
951 1121 985 1175 et
999 1109 1107 1176 excel-

96 1194 187 1260 sioris
210 1194 347 1260 hominis
372 1196 602 1282 cogitationem
624 1196 828 1272 traducatur,
859 1195 988 1278 qualem
1012 1193 1108 1260 Plato

93 1279 139 1342 uti
162 1301 203 1343 ue
216 1279 252 1343 in
266 1279 442 1366 legentium
457 1280 576 1346 animis
591 1281 732 1345 excitare
746 1279 860 1344 voluit

141 1299 212 1428 bed
232 1387 306 1428 cum
324 1363 385 1429 hac
406 1363 591 1431 moribundi
611 1364 769 1450 sapientis
788 1364 917 1449 pictura
936 1361 1109 1428 coniuncta

90 1456 141 1512 cet
159 1448 339 1513 arctissime
354 1446 527 1533 explicatio
547 1459 824 1535 argumentorum,
844 1446 963 1546 quibus
983 1446 1108 1511 animo·

90 1553 163 1595 rum
181 1531 403 1597 immortalitas
423 1533 640 1598 confirmatur.
686 1531 780 1613 Quae
806 1531 936 1616 quldem
956 1530 1109 1615 quoniam

90 1626 229 1698 occupat
241 1616 416 1681 maximam
428 1617 587 1681 sermonis
601 1615 920 1701 partem*pertinet
933 1615 1020 1680 enim
1033 1613 1110 1679 inde

92 1721 113 1760 a
125 1719 160 1780 p.
172 1701 224 1761 70.
234 1699 280 1762 A.
291 1721 395 1781 usque
406 1700 448 1763 ad
458 1722 492 1784 p.
504 1702 566 1764 107
578 1699 623 1763 A.
638 1699 783 1764 -facile
798 1698 975 1763 existimari
1015 1706 1109 1774 otest,

115 1789 253 1842 uantum
273 1779 369 1842 Plato
396 1782 468 1863 ipse
488 1781 566 1844 huic
587 1781 817 1876 disputationis
839 1782 924 1862 parti
950 1719 1111 1843 tribuerit.

126 1862 257 1926 imirum
282 1861 410 1926 etiamsi
430 1861 495 1945 ipsi
515 1873 719 1945 propos1tum
738 1861 800 1924 fuit
817 1860 889 1937 hoc,
911 1873 949 1923 ut
965 1860 1111 1926 Socratis

93 1946 247 2011 virtutem
262 1945 361 2010 etiam
375 1945 497 2029 inipso
511 1945 624 2009 mortis
640 1944 774 2010 articulo
789 1965 923 2028 prorsus
938 1942 1119 2008 admirabis

92 2029 156 2095 lem
179 2039 212 2093 et
230 2051 334 2126 prope
355 2027 575 2092 incredibilem
596 2028 696 2093 fuisse
711 2028 903 2106 ostenderet,
920 2039 1027 2093 tamen
1043 2028 1113 2094 sine

92 2112 194 2178 dubio
213 2112 362 2196 inpnmis
385 2111 465 2175 illud
479 2111 557 2196 egit,
582 2122 620 2175 ut
637 2113 818 2176 animorum
838 2112 1111 2178 immortalitatem

92 2196 293 2283 argumentis
316 2195 552 2261 demonstraret
571 2218 669 2280 quam
688 2195 891 2261 firmissimis.
936 2194 1013 2277 Qua
1026 2197 1061 2261 in
1074 2219 1111 2264 re

93 2282 228 2368 dignum
248 2290 298 2345 est
317 2278 543 2345 observatione
558 2280 718 2364 quomodo
733 2289 881 2345 versatus
897 2281 948 2346 sit.
977 2280 1110 2347 Etenim

94 2387 288 2449 quamquam
309 2364 391 2448 ipse,
418 2363 514 2429 sicuti
527 2374 641 2448 postea
666 2363 883 2442 ostendemus,
909 2387 968 2451 pro
988 2366 1110 2452 ingenii

94 2449 145 2514 sui
166 2449 313 2514 acumine
337 2448 431 2513 facilc
456 2448 597 2533 pervidit
611 2470 683 2513 esse
707 2447 794 2513 hunc
818 2448 926 2513 locum
948 2471 1033 2526 eum,
1055 2450 1110 2533 qui

93 2543 214 2597 certam
233 2542 267 2598 et
280 2531 461 2598 evidentem
480 2531 786 2598 demonstrationem
800 2555 866 2598 non
883 2533 991 2610 ferret,
1011 2556 1110 2599 unam

93 2615 330 2702 probabilitatis
344 2616 512 2682 cuiusdam
529 2616 690 2682 rationem
703 2628 844 2702 caperet,
864 2627 972 2683 tamen
985 2627 1110 2686 tantum

93 2710 189 2779 certe,
211 2711 369 2784 quantum
393 2700 528 2767 rationis
551 2700 711 2766 humanae
736 2701 859 2767 viribus
880 2703 964 2768 effici
1012 2714 1109 2780 osset,

94 2785 284 2850 tentandum
310 2785 604 2871 experiendumque
627 2785 690 2852 sibi
711 2808 783 2852 esse
803 2786 968 2853 iudicavit.
988 2725 1109 2875 llixpo-

95 2869 159 2932 suit
172 2869 273 2955 igitur
286 2878 478 2954 argumenta
491 2870 695 2956 gravissima,
710 2870 829 2955 quibus
843 2872 1007 2938 videretur
1021 2894 1110 2938 com·

93 2951 225 3036 probari
250 2974 345 3042 posse
375 2953 463 3036 quod
489 2954 600 3020 voluit.
631 2953 839 3040 Quamquam
862 2979 927 3020 non
948 2957 1109 3031 omnibus,

95 3057 179 3116 quae
191 3035 254 3098 hae
266 3036 302 3100 in
316 3058 432 3100 caussa
447 3059 508 3120 sup
551 3049 664 3116 terent,
702 3039 900 3124 hilosophiae
915 3039 1017 3122 copiis
1031 3062 1110 3102 usus

97 3117 445 3213 est,·quand·oq11idem
457 3126 491 3183 in
536 3120 650 3197 imaeo,
671 3060 835 3200 {haedrm
858 3121 1021 3208 Legibus,
1043 3121 1111 3186 Re·

96 3197 238 3284 publica,
261 3208 357 3264 etiam
371 3200 434 3267 alia
446 3203 591 3288 protulit,
614 3226 696 3288 quae
710 3207 752 3272 ad
767 3207 907 3273 rationes
921 3207 1110 3273 immortali-

95 3283 171 3349 tatis
203 3283 438 3352 oonfirmandas
466 3287 736 3375 illustrandasque
768 3294 906 3357 valeant.
948 3290 1110 3356 Nimirum

93 3366 271 3453 prudentei
293 3368 513 3456 philosophus,
537 3396 583 3443 ne
593 3374 696 3440 iustos
717 3377 874 3442 sermonis
887 3376 970 3442 fines
991 3400 1030 3442 ac
1044 3390 1109 3442 ter-

93 3453 197 3518 minos
222 3455 516 3540 transgrederetur,
545 3478 633 3524 nuno
661 3458 771 3525 omisit
795 3484 877 3545 quae
902 3461 1022 3547 dialogi
1050 3485 1109 3526 an·

92 3537 219 3622 gustiae
240 3560 305 3602 non
329 3549 500 3638 caperent,
525 3551 623 3607 etex
650 3542 815 3622 omnibus,
841 3567 925 3631 quae
950 3545 1111 3631 disputari

134 3631 237 3701 ssent,
268 3622 390 3709 delegit
417 3646 469 3701 ea,
503 3645 585 3709 quae
617 3627 803 3694 viderentur
834 3630 1027 3716 gravissima
1053 3641 1110 3697 aut

120 3706 239 3806 ocratis
252 3707 436 3773 moribundi
444 3731 602 3808 personae
612 3713 752 3779 maxime
765 3714 998 3793 convenientia,
1013 3738 1109 3801 prae·

92 3800 203 3856 sertim
224 3813 324 3876 quum
344 3792 391 3857 ita
416 3804 514 3858 etiam
528 3817 673 3862 sermone
694 3798 742 3863 uti
762 3799 874 3864 liceret
893 3799 1013 3865 maiore
1028 3794 1109 3882 qua-

92 3871 168 3938 dam
188 3874 238 3940 elo
261 3876 389 3942 uentiae
410 3875 506 3942 laude
526 3880 700 3966 conspicuo
715 3893 747 3947 et
764 3883 891 3948 illustri.
913 3883 999 3948 Nam
1012 3878 1110 3945 habet

91 3952 225 4024 Phaedo
282 3959 400 4025 latonia
428 3961 489 4026 hoc
518 3964 662 4048 profecto
695 3967 746 4030 vel
774 3968 912 4032 maxime
942 3965 1003 4031 sibi
1032 3986 1109 4048 pro·

91 4040 208 4126 prium,
235 4045 321 4130 quod
334 4068 400 4110 non
413 4047 508 4113 modo
524 4048 681 4136 dignitate
696 4060 794 4134 atque
810 4051 987 4116 subtilitate
1001 4071 1109 4114 rerum

65 4178 69 4182 .
862 4152 905 4213 2*
