<?xml version="1.0" encoding="UTF-8"?>
<!DOCTYPE html PUBLIC "-//W3C//DTD XHTML 1.0 Transitional//EN"
    "http://www.w3.org/TR/xhtml1/DTD/xhtml1-transitional.dtd">
<html xmlns="http://www.w3.org/1999/xhtml" xml:lang="en" lang="en">
 <head>
  <title>
</title>
<meta http-equiv="Content-Type" content="text/html;charset=utf-8" />
  <meta name='ocr-system' content='tesseract 3.04.00' />
  <meta name='ocr-capabilities' content='ocr_page ocr_carea ocr_par ocr_line ocrx_word'/>
</head>
<body>
  <div class='ocr_page' id='page_1' title='image "./platonisoperaom00stalgoog_0203.png"; bbox 0 0 2604 4620; ppageno 0'>
   <div class='ocr_carea' id='block_1_1' title="bbox 440 222 846 351">
    <p class='ocr_par' dir='ltr' id='par_1_1' title="bbox 440 222 846 351">
     <span class='ocr_line' id='line_1_1' title="bbox 440 222 846 351; baseline 0.005 -19"><span class='ocrx_word' id='word_1_1' title='bbox 440 266 650 333; x_wconf 83' lang='lat' dir='ltr'>rrrrrno.</span> <span class='ocrx_word' id='word_1_2' title='bbox 671 291 702 351; x_wconf 69' lang='lat' dir='ltr'>p.</span> <span class='ocrx_word' id='word_1_3' title='bbox 722 268 777 332; x_wconf 81' lang='lat' dir='ltr'>ar.</span> <span class='ocrx_word' id='word_1_4' title='bbox 800 222 846 337; x_wconf 70' lang='lat' dir='ltr'>ss.</span> 
     </span>
    </p>
   </div>
   <div class='ocr_carea' id='block_1_2' title="bbox 1091 270 1154 334">
    <p class='ocr_par' dir='ltr' id='par_1_2' title="bbox 1091 270 1154 334">
     <span class='ocr_line' id='line_1_2' title="bbox 1091 270 1154 334; baseline 0.032 -3"><span class='ocrx_word' id='word_1_5' title='bbox 1091 270 1154 334; x_wconf 72' lang='grc' dir='ltr'>ΗΊ</span> 
     </span>
    </p>
   </div>
   <div class='ocr_carea' id='block_1_3' title="bbox 77 423 1155 833">
    <p class='ocr_par' dir='ltr' id='par_1_3' title="bbox 77 423 1155 833">
     <span class='ocr_line' id='line_1_3' title="bbox 77 423 1155 535; baseline -0.004 -20"><span class='ocrx_word' id='word_1_6' title='bbox 77 423 83 443; x_wconf 42' lang='lat'>¹</span> <span class='ocrx_word' id='word_1_7' title='bbox 136 450 238 515; x_wconf 81' lang='grc' dir='ltr'><em>σῶτσν</em></span> <span class='ocrx_word' id='word_1_8' title='bbox 270 443 373 512; x_wconf 75' lang='grc' dir='ltr'><em>πάλιν</em></span> <span class='ocrx_word' id='word_1_9' title='bbox 406 442 629 535; x_wconf 77' lang='grc' dir='ltr'><em>ἀφικνεῖσθαι</em></span> <span class='ocrx_word' id='word_1_10' title='bbox 662 440 833 510; x_wconf 83' lang='grc' dir='ltr'><em>πολιτικόν</em></span> <span class='ocrx_word' id='word_1_11' title='bbox 875 467 909 510; x_wconf 82' lang='grc' dir='ltr'>τι</span> <span class='ocrx_word' id='word_1_12' title='bbox 942 446 999 509; x_wconf 80' lang='grc' dir='ltr'><em>καὶ</em></span> <span class='ocrx_word' id='word_1_13' title='bbox 1029 439 1155 530; x_wconf 72' lang='grc' dir='ltr'>ἥμερον</span> 
     </span>
     <span class='ocr_line' id='line_1_4' title="bbox 134 535 1153 633; baseline -0.006 -18"><span class='ocrx_word' id='word_1_14' title='bbox 134 553 247 633; x_wconf 77' lang='grc' dir='ltr'>γένος,</span> <span class='ocrx_word' id='word_1_15' title='bbox 281 542 303 627; x_wconf 74' lang='grc' dir='ltr'><strong><em>ἦ</em></strong></span> <span class='ocrx_word' id='word_1_16' title='bbox 336 569 403 612; x_wconf 87' lang='grc' dir='ltr'>που</span> <span class='ocrx_word' id='word_1_17' title='bbox 435 545 597 630; x_wconf 81' lang='grc' dir='ltr'><em>μελιττῶν</em></span> <span class='ocrx_word' id='word_1_18' title='bbox 629 535 651 622; x_wconf 79' lang='grc' dir='ltr'>ἢ</span> <span class='ocrx_word' id='word_1_19' title='bbox 685 547 821 632; x_wconf 80' lang='grc' dir='ltr'><em>σφηκῶν</em></span> <span class='ocrx_word' id='word_1_20' title='bbox 851 539 873 624; x_wconf 79' lang='grc' dir='ltr'>ἢ</span> <span class='ocrx_word' id='word_1_21' title='bbox 907 539 1153 631; x_wconf 60' lang='lat' dir='ltr'>pacominum}</span> 
     </span>
     <span class='ocr_line' id='line_1_5' title="bbox 138 635 1153 729; baseline -0.005 -14"><span class='ocrx_word' id='word_1_22' title='bbox 138 651 194 715; x_wconf 80' lang='grc' dir='ltr'><em>καὶ</em></span> <span class='ocrx_word' id='word_1_23' title='bbox 220 653 266 724; x_wconf 79' lang='grc' dir='ltr'>εὶς</span> <span class='ocrx_word' id='word_1_24' title='bbox 290 640 419 712; x_wconf 81' lang='grc' dir='ltr'><em>ταύτόν</em></span> <span class='ocrx_word' id='word_1_25' title='bbox 444 669 480 727; x_wconf 78' lang='grc' dir='ltr'>με</span> <span class='ocrx_word' id='word_1_26' title='bbox 505 642 609 709; x_wconf 75' lang='grc' dir='ltr'><em>πάλιν</em></span> <span class='ocrx_word' id='word_1_27' title='bbox 634 635 673 709; x_wconf 83' lang='grc' dir='ltr'>τὸ</span> <span class='ocrx_word' id='word_1_28' title='bbox 700 641 925 729; x_wconf 81' lang='grc' dir='ltr'><em>ἀνθρώπινον</em></span> <span class='ocrx_word' id='word_1_29' title='bbox 950 649 1061 727; x_wconf 78' lang='grc' dir='ltr'><em>γένος,</em></span> <span class='ocrx_word' id='word_1_30' title='bbox 1097 646 1153 711; x_wconf 65' lang='grc' dir='ltr'><em>καὶ</em></span> 
     </span>
     <span class='ocr_line' id='line_1_6' title="bbox 136 738 1013 833; baseline -0.003 -18"><span class='ocrx_word' id='word_1_31' title='bbox 136 751 314 833; x_wconf 69' lang='grc' dir='ltr'><em>γίγνεσθαι</em></span> <span class='ocrx_word' id='word_1_32' title='bbox 341 745 375 824; x_wconf 72' lang='grc' dir='ltr'>ἐξ</span> <span class='ocrx_word' id='word_1_33' title='bbox 401 742 514 809; x_wconf 86' lang='grc' dir='ltr'><em>αὐτῶν</em></span> <span class='ocrx_word' id='word_1_34' title='bbox 539 738 666 829; x_wconf 80' lang='grc' dir='ltr'><em>ἄνδρας</em></span> <span class='ocrx_word' id='word_1_35' title='bbox 690 748 853 829; x_wconf 78' lang='grc' dir='ltr'><strong><em>μετρίους.</em></strong></span> <span class='ocrx_word' id='word_1_36' title='bbox 905 739 1013 822; x_wconf 66' lang='grc' dir='ltr'><em>Εἶκός.</em></span> 
     </span>
    </p>
   </div>
   <div class='ocr_carea' id='block_1_4' title="bbox 189 839 1153 938">
    <p class='ocr_par' dir='ltr' id='par_1_4' title="bbox 189 839 1153 938">
     <span class='ocr_line' id='line_1_7' title="bbox 189 839 1153 938; baseline -0.005 -25"><span class='ocrx_word' id='word_1_37' title='bbox 189 891 200 934; x_wconf 33' lang='grc' dir='ltr'>ᾗ</span> <span class='ocrx_word' id='word_1_38' title='bbox 217 843 303 938; x_wconf 85' lang='lat' dir='ltr'>Cap.</span> <span class='ocrx_word' id='word_1_39' title='bbox 329 839 489 910; x_wconf 84' lang='grc' dir='ltr'><strong>ΧΧΧΙΙ.</strong></span> <span class='ocrx_word' id='word_1_40' title='bbox 541 846 601 920; x_wconf 69' lang='grc' dir='ltr'>Εἰς</span> <span class='ocrx_word' id='word_1_41' title='bbox 627 847 660 910; x_wconf 80' lang='grc' dir='ltr'>δέ</span> <span class='ocrx_word' id='word_1_42' title='bbox 686 868 721 926; x_wconf 77' lang='grc' dir='ltr'>με</span> <span class='ocrx_word' id='word_1_43' title='bbox 747 846 842 911; x_wconf 80' lang='grc' dir='ltr'><em>θεῶν</em></span> <span class='ocrx_word' id='word_1_44' title='bbox 866 849 960 926; x_wconf 75' lang='grc' dir='ltr'><em>γένος</em></span> <span class='ocrx_word' id='word_1_45' title='bbox 984 840 1030 929; x_wconf 84' lang='grc' dir='ltr'>μὴ</span> <span class='ocrx_word' id='word_1_46' title='bbox 1056 847 1153 932; x_wconf 79' lang='grc' dir='ltr'><em>φιλο-</em></span> 
     </span>
    </p>
   </div>
   <div class='ocr_carea' id='block_1_5' title="bbox 92 940 1222 1337">
    <p class='ocr_par' dir='ltr' id='par_1_5' title="bbox 92 940 1222 1337">
     <span class='ocr_line' id='line_1_8' title="bbox 135 940 1207 1037; baseline -0.005 -24"><span class='ocrx_word' id='word_1_47' title='bbox 135 945 327 1037; x_wconf 80' lang='grc' dir='ltr'><em>σοφήσαντι</em></span> <span class='ocrx_word' id='word_1_48' title='bbox 353 946 408 1010; x_wconf 86' lang='grc' dir='ltr'><em>καὶ</em></span> <span class='ocrx_word' id='word_1_49' title='bbox 434 946 603 1021; x_wconf 79' lang='grc' dir='ltr'><strong><em>παντελῶς</em></strong></span> <span class='ocrx_word' id='word_1_50' title='bbox 635 945 784 1032; x_wconf 74' lang='grc' dir='ltr'><em>καθαρῷ</em></span> <span class='ocrx_word' id='word_1_51' title='bbox 815 940 953 1012; x_wconf 76' lang='grc' dir='ltr'><em>ἀπιόντι</em></span> <span class='ocrx_word' id='word_1_52' title='bbox 985 941 1025 1010; x_wconf 84' lang='grc' dir='ltr'>οὐ</span> <span class='ocrx_word' id='word_1_53' title='bbox 1052 946 1151 1029; x_wconf 66' lang='grc' dir='ltr'><em>θέμις</em></span> <span class='ocrx_word' id='word_1_54' title='bbox 1206 1023 1207 1026; x_wconf 9' lang='lat'>¹</span> 
     </span>
     <span class='ocr_line' id='line_1_9' title="bbox 137 1036 1206 1137; baseline 0 -26"><span class='ocrx_word' id='word_1_55' title='bbox 137 1046 375 1137; x_wconf 47' lang='grc' dir='ltr'><em>ἀφικνεῖσθαι]</em></span> <span class='ocrx_word' id='word_1_56' title='bbox 405 1039 494 1128; x_wconf 79' lang='grc' dir='ltr'><strong><em>ἄλλῳ</em></strong></span> <span class='ocrx_word' id='word_1_57' title='bbox 530 1037 551 1123; x_wconf 81' lang='grc' dir='ltr'><em>ἢ</em></span> <span class='ocrx_word' id='word_1_58' title='bbox 586 1046 632 1128; x_wconf 79' lang='grc' dir='ltr'>τῷ</span> <span class='ocrx_word' id='word_1_59' title='bbox 663 1047 864 1135; x_wconf 76' lang='grc' dir='ltr'><em>φιλομαθεῖ.</em></span> <span class='ocrx_word' id='word_1_60' title='bbox 897 1040 983 1110; x_wconf 76' lang='grc' dir='ltr'><em>ἀλλὰ</em></span> <span class='ocrx_word' id='word_1_61' title='bbox 1023 1040 1152 1111; x_wconf 78' lang='grc' dir='ltr'><em>τούτων</em></span> <span class='ocrx_word' id='word_1_62' title='bbox 1180 1036 1206 1100; x_wconf 75' lang='lat'><strong>0</strong></span> 
     </span>
     <span class='ocr_line' id='line_1_10' title="bbox 92 1134 1222 1231; baseline -0.003 -20"><span class='ocrx_word' id='word_1_63' title='bbox 92 1188 98 1204; x_wconf 89' lang='lat'>.</span> <span class='ocrx_word' id='word_1_64' title='bbox 138 1152 255 1223; x_wconf 73' lang='grc' dir='ltr'><em>ἕνεκα,</em></span> <span class='ocrx_word' id='word_1_65' title='bbox 290 1134 313 1210; x_wconf 77' lang='lat' dir='ltr'>oi</span> <span class='ocrx_word' id='word_1_66' title='bbox 348 1151 457 1229; x_wconf 79' lang='grc' dir='ltr'><em>ἑταῖρε</em></span> <span class='ocrx_word' id='word_1_67' title='bbox 484 1145 619 1231; x_wconf 79' lang='grc' dir='ltr'>Σιμμία</span> <span class='ocrx_word' id='word_1_68' title='bbox 646 1170 681 1210; x_wconf 82' lang='grc' dir='ltr'>τι</span> <span class='ocrx_word' id='word_1_69' title='bbox 715 1149 771 1212; x_wconf 78' lang='grc' dir='ltr'><em>καὶ</em></span> <span class='ocrx_word' id='word_1_70' title='bbox 807 1147 934 1229; x_wconf 79' lang='grc' dir='ltr'><em>Κέβης,</em></span> <span class='ocrx_word' id='word_1_71' title='bbox 976 1150 1008 1213; x_wconf 73' lang='grc' dir='ltr'>οἱ</span> <span class='ocrx_word' id='word_1_72' title='bbox 1034 1143 1152 1231; x_wconf 82' lang='grc' dir='ltr'><em>ὀρθῶς</em></span> <span class='ocrx_word' id='word_1_73' title='bbox 1219 1157 1222 1164; x_wconf 90' lang='grc'><strong>’</strong></span> 
     </span>
     <span class='ocr_line' id='line_1_11' title="bbox 101 1241 1152 1337; baseline -0.003 -25"><span class='ocrx_word' id='word_1_74' title='bbox 101 1253 103 1261; x_wconf 86' lang='grc'><strong>’</strong></span> <span class='ocrx_word' id='word_1_75' title='bbox 137 1246 402 1337; x_wconf 76' lang='grc' dir='ltr'>φιλοσοφοῦντες</span> <span class='ocrx_word' id='word_1_76' title='bbox 424 1242 606 1331; x_wconf 77' lang='grc' dir='ltr'><em>ἀπέχονται</em></span> <span class='ocrx_word' id='word_1_77' title='bbox 634 1249 701 1313; x_wconf 89' lang='grc' dir='ltr'><em>τῶν</em></span> <span class='ocrx_word' id='word_1_78' title='bbox 726 1241 816 1313; x_wconf 73' lang='grc' dir='ltr'><em>κατὰ</em></span> <span class='ocrx_word' id='word_1_79' title='bbox 843 1242 883 1312; x_wconf 82' lang='grc' dir='ltr'>τὰ</span> <span class='ocrx_word' id='word_1_80' title='bbox 907 1247 1005 1330; x_wconf 81' lang='grc' dir='ltr'><em>σῶμα</em></span> <span class='ocrx_word' id='word_1_81' title='bbox 1019 1247 1152 1310; x_wconf 67' lang='grc' dir='ltr'><em>’ἐπιθυ-</em></span> 
     </span>
    </p>
   </div>
   <div class='ocr_carea' id='block_1_6' title="bbox 137 1505 1151 1574">
    <p class='ocr_par' dir='ltr' id='par_1_6' title="bbox 137 1505 1151 1574">
     <span class='ocr_line' id='line_1_12' title="bbox 137 1505 1151 1574; baseline -0.003 -13"><span class='ocrx_word' id='word_1_82' title='bbox 137 1509 213 1562; x_wconf 84' lang='lat' dir='ltr'>Bodl.</span> <span class='ocrx_word' id='word_1_83' title='bbox 237 1506 268 1557; x_wconf 82' lang='lat' dir='ltr'>od</span> <span class='ocrx_word' id='word_1_84' title='bbox 295 1507 396 1574; x_wconf 79' lang='lat' dir='ltr'>punctis</span> <span class='ocrx_word' id='word_1_85' title='bbox 422 1514 547 1559; x_wconf 87' lang='lat' dir='ltr'>notatum.</span> <span class='ocrx_word' id='word_1_86' title='bbox 591 1509 706 1561; x_wconf 88' lang='lat' dir='ltr'>Orellius</span> <span class='ocrx_word' id='word_1_87' title='bbox 731 1508 791 1560; x_wconf 89' lang='lat' dir='ltr'>lude</span> <span class='ocrx_word' id='word_1_88' title='bbox 815 1509 881 1560; x_wconf 85' lang='lat' dir='ltr'>conl.</span> <span class='ocrx_word' id='word_1_89' title='bbox 912 1505 1049 1573; x_wconf 83' lang='lat' dir='ltr'>legendum</span> <span class='ocrx_word' id='word_1_90' title='bbox 1076 1519 1151 1558; x_wconf 82' lang='lat' dir='ltr'>asse:</span> 
     </span>
    </p>
   </div>
   <div class='ocr_carea' id='block_1_7' title="bbox 138 1577 375 1644">
    <p class='ocr_par' dir='ltr' id='par_1_7' title="bbox 138 1577 375 1644">
     <span class='ocr_line' id='line_1_13' title="bbox 138 1577 375 1644; baseline -0.004 -16"><span class='ocrx_word' id='word_1_91' title='bbox 138 1577 175 1631; x_wconf 77' lang='lat' dir='ltr'>Ol</span> <span class='ocrx_word' id='word_1_92' title='bbox 195 1605 230 1617; x_wconf 90' lang='lat'>--</span> <span class='ocrx_word' id='word_1_93' title='bbox 247 1578 375 1644; x_wconf 69' lang='grc' dir='ltr'><em>μετρίους.</em></span> 
     </span>
    </p>
   </div>
   <div class='ocr_carea' id='block_1_8' title="bbox 138 1640 1154 1981">
    <p class='ocr_par' dir='ltr' id='par_1_8' title="bbox 138 1640 1154 1981">
     <span class='ocr_line' id='line_1_14' title="bbox 206 1640 1154 1706; baseline -0.001 -13"><span class='ocrx_word' id='word_1_94' title='bbox 206 1641 383 1694; x_wconf 81' lang='grc' dir='ltr'><em>πολιτικόν</em></span> <span class='ocrx_word' id='word_1_95' title='bbox 402 1662 436 1693; x_wconf 82' lang='grc' dir='ltr'>τε</span> <span class='ocrx_word' id='word_1_96' title='bbox 455 1643 507 1691; x_wconf 74' lang='grc' dir='ltr'><em>καὶ</em></span> <span class='ocrx_word' id='word_1_97' title='bbox 527 1642 594 1706; x_wconf 64' lang='lat' dir='ltr'>ltu}</span> <span class='ocrx_word' id='word_1_98' title='bbox 615 1661 642 1692; x_wconf 81' lang='lat' dir='ltr'>rs</span> <span class='ocrx_word' id='word_1_99' title='bbox 662 1642 776 1694; x_wconf 80' lang='lat' dir='ltr'>additum</span> <span class='ocrx_word' id='word_1_100' title='bbox 796 1660 810 1694; x_wconf 87' lang='lat' dir='ltr'>e</span> <span class='ocrx_word' id='word_1_101' title='bbox 829 1643 905 1694; x_wconf 86' lang='lat' dir='ltr'>Bodl.</span> <span class='ocrx_word' id='word_1_102' title='bbox 925 1642 982 1694; x_wconf 88' lang='lat' dir='ltr'>Val.</span> <span class='ocrx_word' id='word_1_103' title='bbox 1001 1640 1068 1692; x_wconf 85' lang='lat' dir='ltr'>Tub.</span> <span class='ocrx_word' id='word_1_104' title='bbox 1089 1640 1154 1693; x_wconf 74' lang='lat' dir='ltr'>Ven,</span> 
     </span>
     <span class='ocr_line' id='line_1_15' title="bbox 138 1710 1152 1773; baseline -0.001 -11"><span class='ocrx_word' id='word_1_105' title='bbox 138 1713 175 1763; x_wconf 86' lang='grc' dir='ltr'>Π.</span> <span class='ocrx_word' id='word_1_106' title='bbox 197 1711 272 1762; x_wconf 82' lang='lat' dir='ltr'>Vind.</span> <span class='ocrx_word' id='word_1_107' title='bbox 298 1711 361 1763; x_wconf 84' lang='lat' dir='ltr'>Par.</span> <span class='ocrx_word' id='word_1_108' title='bbox 388 1711 421 1762; x_wconf 88' lang='lat' dir='ltr'>G.</span> <span class='ocrx_word' id='word_1_109' title='bbox 447 1711 536 1760; x_wconf 79' lang='lat' dir='ltr'>Ambr.</span> <span class='ocrx_word' id='word_1_110' title='bbox 563 1710 634 1760; x_wconf 88' lang='lat' dir='ltr'>Flor.</span> <span class='ocrx_word' id='word_1_111' title='bbox 655 1710 679 1759; x_wconf 90' lang='lat' dir='ltr'>d.</span> <span class='ocrx_word' id='word_1_112' title='bbox 718 1711 815 1760; x_wconf 85' lang='lat' dir='ltr'>Deinde</span> <span class='ocrx_word' id='word_1_113' title='bbox 834 1710 849 1773; x_wconf 79' lang='grc' dir='ltr'><em>ἢ</em></span> <span class='ocrx_word' id='word_1_114' title='bbox 868 1717 927 1760; x_wconf 88' lang='lat' dir='ltr'>aute</span> <span class='ocrx_word' id='word_1_115' title='bbox 946 1710 988 1758; x_wconf 77' lang='grc' dir='ltr'>καὶ</span> <span class='ocrx_word' id='word_1_116' title='bbox 1007 1710 1040 1766; x_wconf 65' lang='grc' dir='ltr'>εἰς</span> <span class='ocrx_word' id='word_1_117' title='bbox 1058 1728 1082 1759; x_wconf 86' lang='grc' dir='ltr'>τ.</span> <span class='ocrx_word' id='word_1_118' title='bbox 1100 1724 1152 1761; x_wconf 90' lang='lat' dir='ltr'>om.</span> 
     </span>
     <span class='ocr_line' id='line_1_16' title="bbox 138 1777 1151 1841; baseline -0.004 -9"><span class='ocrx_word' id='word_1_119' title='bbox 138 1781 218 1832; x_wconf 85' lang='lat' dir='ltr'>Coisl.</span> <span class='ocrx_word' id='word_1_120' title='bbox 237 1779 301 1829; x_wconf 91' lang='lat' dir='ltr'>Ven.</span> <span class='ocrx_word' id='word_1_121' title='bbox 319 1778 354 1830; x_wconf 88' lang='grc' dir='ltr'>Λ,</span> <span class='ocrx_word' id='word_1_122' title='bbox 374 1777 448 1827; x_wconf 88' lang='lat' dir='ltr'>Vind.</span> <span class='ocrx_word' id='word_1_123' title='bbox 472 1779 501 1825; x_wconf 88' lang='lat' dir='ltr'>Y.</span> <span class='ocrx_word' id='word_1_124' title='bbox 521 1778 583 1828; x_wconf 86' lang='lat' dir='ltr'>Par.</span> <span class='ocrx_word' id='word_1_125' title='bbox 605 1777 752 1826; x_wconf 81' lang='lat' dir='ltr'>ACEHL.</span> <span class='ocrx_word' id='word_1_126' title='bbox 774 1779 838 1841; x_wconf 79' lang='lat' dir='ltr'>Aug.</span> <span class='ocrx_word' id='word_1_127' title='bbox 858 1779 920 1829; x_wconf 86' lang='lat' dir='ltr'>Zitt.</span> <span class='ocrx_word' id='word_1_128' title='bbox 935 1777 1003 1827; x_wconf 83' lang='lat' dir='ltr'>Flor.</span> <span class='ocrx_word' id='word_1_129' title='bbox 1015 1792 1038 1826; x_wconf 92' lang='lat' dir='ltr'>a.</span> <span class='ocrx_word' id='word_1_130' title='bbox 1051 1777 1075 1825; x_wconf 91' lang='lat' dir='ltr'>b.</span> <span class='ocrx_word' id='word_1_131' title='bbox 1087 1778 1104 1828; x_wconf 88' lang='lat' dir='ltr'>i.</span> <span class='ocrx_word' id='word_1_132' title='bbox 1116 1791 1151 1828; x_wconf 89' lang='lat' dir='ltr'>m.</span> 
     </span>
     <span class='ocr_line' id='line_1_17' title="bbox 205 1842 1152 1912; baseline -0.001 -17"><span class='ocrx_word' id='word_1_133' title='bbox 205 1846 293 1908; x_wconf 79' lang='grc' dir='ltr'><em>ἄλλῳ</em></span> <span class='ocrx_word' id='word_1_134' title='bbox 314 1845 329 1908; x_wconf 72' lang='grc' dir='ltr'><em>ἢ</em></span> <span class='ocrx_word' id='word_1_135' title='bbox 349 1850 389 1912; x_wconf 74' lang='grc' dir='ltr'>τῷ</span> <span class='ocrx_word' id='word_1_136' title='bbox 407 1845 611 1909; x_wconf 58' lang='lat' dir='ltr'>peroptasse]</span> <span class='ocrx_word' id='word_1_137' title='bbox 635 1845 693 1894; x_wconf 87' lang='lat' dir='ltr'>Par.</span> <span class='ocrx_word' id='word_1_138' title='bbox 714 1845 748 1893; x_wconf 88' lang='lat' dir='ltr'>G.</span> <span class='ocrx_word' id='word_1_139' title='bbox 767 1844 834 1893; x_wconf 86' lang='lat' dir='ltr'>Tub.</span> <span class='ocrx_word' id='word_1_140' title='bbox 856 1851 882 1893; x_wconf 90' lang='lat' dir='ltr'>et</span> <span class='ocrx_word' id='word_1_141' title='bbox 900 1859 983 1908; x_wconf 63' lang='lat' dir='ltr'>prxm.</span> <span class='ocrx_word' id='word_1_142' title='bbox 1000 1842 1074 1894; x_wconf 90' lang='lat' dir='ltr'>Bodl.</span> <span class='ocrx_word' id='word_1_143' title='bbox 1090 1843 1152 1894; x_wconf 79' lang='lat' dir='ltr'>Ver.</span> 
     </span>
     <span class='ocr_line' id='line_1_18' title="bbox 139 1909 1151 1981; baseline -0.007 -14"><span class='ocrx_word' id='word_1_144' title='bbox 139 1917 174 1968; x_wconf 87' lang='grc' dir='ltr'>Π.</span> <span class='ocrx_word' id='word_1_145' title='bbox 194 1915 249 1965; x_wconf 71' lang='grc' dir='ltr'>ἀλλ’</span> <span class='ocrx_word' id='word_1_146' title='bbox 271 1914 285 1977; x_wconf 78' lang='grc' dir='ltr'><em>ἢ</em></span> <span class='ocrx_word' id='word_1_147' title='bbox 306 1919 340 1981; x_wconf 81' lang='grc' dir='ltr'>τῷ</span> <span class='ocrx_word' id='word_1_148' title='bbox 359 1933 386 1978; x_wconf 90' lang='grc' dir='ltr'>φ.</span> <span class='ocrx_word' id='word_1_149' title='bbox 407 1913 477 1978; x_wconf 88' lang='lat' dir='ltr'>quod</span> <span class='ocrx_word' id='word_1_150' title='bbox 497 1928 549 1963; x_wconf 85' lang='lat' dir='ltr'>rec.</span> <span class='ocrx_word' id='word_1_151' title='bbox 569 1913 681 1963; x_wconf 85' lang='lat' dir='ltr'>Beklrer.</span> <span class='ocrx_word' id='word_1_152' title='bbox 700 1919 726 1962; x_wconf 93' lang='lat' dir='ltr'>et</span> <span class='ocrx_word' id='word_1_153' title='bbox 744 1912 807 1965; x_wconf 90' lang='lat' dir='ltr'>Tur.</span> <span class='ocrx_word' id='word_1_154' title='bbox 825 1912 962 1963; x_wconf 79' lang='lat' dir='ltr'>Vaticanus</span> <span class='ocrx_word' id='word_1_155' title='bbox 981 1911 1069 1964; x_wconf 84' lang='lat' dir='ltr'>habet:</span> <span class='ocrx_word' id='word_1_156' title='bbox 1089 1909 1151 1960; x_wconf 74' lang='grc' dir='ltr'>οὐδ’</span> 
     </span>
    </p>
   </div>
   <div class='ocr_carea' id='block_1_9' title="bbox 136 1983 342 2051">
    <p class='ocr_par' dir='ltr' id='par_1_9' title="bbox 136 1983 342 2051">
     <span class='ocr_line' id='line_1_19' title="bbox 136 1983 342 2051; baseline -0.029 -17"><span class='ocrx_word' id='word_1_157' title='bbox 136 1985 205 2049; x_wconf 65' lang='grc' dir='ltr'><em>ἄλλα)</em></span> <span class='ocrx_word' id='word_1_158' title='bbox 225 1983 241 2047; x_wconf 69' lang='grc' dir='ltr'><em>ἢ</em></span> <span class='ocrx_word' id='word_1_159' title='bbox 259 1989 294 2051; x_wconf 76' lang='grc' dir='ltr'>τῷ</span> <span class='ocrx_word' id='word_1_160' title='bbox 314 2000 342 2046; x_wconf 83' lang='grc' dir='ltr'>φ.</span> 
     </span>
    </p>
   </div>
   <div class='ocr_carea' id='block_1_10' title="bbox 138 2045 1155 2200">
    <p class='ocr_par' dir='ltr' id='par_1_10' title="bbox 138 2045 1155 2200">
     <span class='ocr_line' id='line_1_20' title="bbox 207 2045 1155 2115; baseline -0.002 -16"><span class='ocrx_word' id='word_1_161' title='bbox 207 2054 251 2105; x_wconf 40' lang='lat' dir='ltr'>C..</span> <span class='ocrx_word' id='word_1_162' title='bbox 280 2053 312 2100; x_wconf 81' lang='lat' dir='ltr'>oi</span> <span class='ocrx_word' id='word_1_163' title='bbox 336 2049 446 2115; x_wconf 78' lang='grc' dir='ltr'><em>ὀρθῶς</em></span> <span class='ocrx_word' id='word_1_164' title='bbox 474 2046 768 2112; x_wconf 74' lang='grc' dir='ltr'>φιλοσοφοῦντες]</span> <span class='ocrx_word' id='word_1_165' title='bbox 801 2049 831 2098; x_wconf 83' lang='lat' dir='ltr'>V·</span> <span class='ocrx_word' id='word_1_166' title='bbox 856 2045 1014 2114; x_wconf 73' lang='grc' dir='ltr'><em>φιλόσοφοι,</em></span> <span class='ocrx_word' id='word_1_167' title='bbox 1045 2045 1115 2111; x_wconf 90' lang='lat' dir='ltr'>quod</span> <span class='ocrx_word' id='word_1_168' title='bbox 1140 2062 1155 2097; x_wconf 83' lang='lat' dir='ltr'>s</span> 
     </span>
     <span class='ocr_line' id='line_1_21' title="bbox 138 2113 1154 2200; baseline -0.007 -28"><span class='ocrx_word' id='word_1_169' title='bbox 138 2121 216 2172; x_wconf 89' lang='lat' dir='ltr'>Bodl.</span> <span class='ocrx_word' id='word_1_170' title='bbox 238 2119 298 2170; x_wconf 87' lang='lat' dir='ltr'>Vnt.</span> <span class='ocrx_word' id='word_1_171' title='bbox 325 2119 387 2171; x_wconf 88' lang='lat' dir='ltr'>Verr.</span> <span class='ocrx_word' id='word_1_172' title='bbox 411 2117 448 2166; x_wconf 86' lang='grc' dir='ltr'>Π.</span> <span class='ocrx_word' id='word_1_173' title='bbox 472 2117 538 2200; x_wconf 65' lang='lat' dir='ltr'>Tull.</span> <span class='ocrx_word' id='word_1_174' title='bbox 567 2116 640 2166; x_wconf 77' lang='lat' dir='ltr'>vul.</span> <span class='ocrx_word' id='word_1_175' title='bbox 669 2114 860 2169; x_wconf 77' lang='lat' dir='ltr'>t.t.6.1&gt;ar.</span> <span class='ocrx_word' id='word_1_176' title='bbox 884 2118 916 2168; x_wconf 88' lang='lat' dir='ltr'>G.</span> <span class='ocrx_word' id='word_1_177' title='bbox 936 2117 1022 2168; x_wconf 74' lang='lat' dir='ltr'>ambr.</span> <span class='ocrx_word' id='word_1_178' title='bbox 1040 2114 1109 2169; x_wconf 87' lang='lat' dir='ltr'>Flor.</span> <span class='ocrx_word' id='word_1_179' title='bbox 1129 2113 1154 2166; x_wconf 92' lang='lat' dir='ltr'>d.</span> 
     </span>
    </p>
   </div>
   <div class='ocr_carea' id='block_1_11' title="bbox 139 2195 274 2241">
    <p class='ocr_par' dir='ltr' id='par_1_11' title="bbox 139 2195 274 2241">
     <span class='ocr_line' id='line_1_22' title="bbox 139 2195 274 2241; baseline -0.022 0"><span class='ocrx_word' id='word_1_180' title='bbox 139 2195 274 2241; x_wconf 88' lang='lat' dir='ltr'>mutatum.</span> 
     </span>
    </p>
   </div>
   <div class='ocr_carea' id='block_1_12' title="bbox 138 2351 621 2692">
    <p class='ocr_par' dir='ltr' id='par_1_12' title="bbox 138 2351 621 2692">
     <span class='ocr_line' id='line_1_23' title="bbox 140 2351 621 2420; baseline -0.002 -16"><span class='ocrx_word' id='word_1_181' title='bbox 140 2351 376 2420; x_wconf 78' lang='lat' dir='ltr'><strong>purgatoriae,</strong></span> <span class='ocrx_word' id='word_1_182' title='bbox 414 2351 518 2402; x_wconf 87' lang='lat' dir='ltr'>tertium</span> <span class='ocrx_word' id='word_1_183' title='bbox 552 2353 621 2403; x_wconf 88' lang='lat' dir='ltr'>ani-</span> 
     </span>
     <span class='ocr_line' id='line_1_24' title="bbox 139 2418 621 2485; baseline -0.01 -11"><span class='ocrx_word' id='word_1_184' title='bbox 139 2418 165 2474; x_wconf 80' lang='lat' dir='ltr'>m&#39;</span> <span class='ocrx_word' id='word_1_185' title='bbox 173 2423 181 2473; x_wconf 92' lang='lat' dir='ltr'>i</span> <span class='ocrx_word' id='word_1_186' title='bbox 199 2422 257 2473; x_wconf 88' lang='lat' dir='ltr'>iam</span> <span class='ocrx_word' id='word_1_187' title='bbox 277 2421 422 2485; x_wconf 82' lang='lat' dir='ltr'>purgati,</span> <span class='ocrx_word' id='word_1_188' title='bbox 441 2426 560 2484; x_wconf 80' lang='lat' dir='ltr'>orrartum</span> <span class='ocrx_word' id='word_1_189' title='bbox 575 2421 621 2470; x_wconf 91' lang='lat' dir='ltr'>de-</span> 
     </span>
     <span class='ocr_line' id='line_1_25' title="bbox 138 2490 621 2554; baseline -0.004 -14"><span class='ocrx_word' id='word_1_190' title='bbox 138 2492 231 2553; x_wconf 76' lang='lat' dir='ltr'>nique,</span> <span class='ocrx_word' id='word_1_191' title='bbox 249 2490 318 2553; x_wconf 83' lang='lat' dir='ltr'>quod</span> <span class='ocrx_word' id='word_1_192' title='bbox 338 2494 552 2554; x_wconf 84' lang='lat' dir='ltr'>exemplares</span> <span class='ocrx_word' id='word_1_193' title='bbox 571 2490 621 2538; x_wconf 87' lang='lat' dir='ltr'>vir-</span> 
     </span>
     <span class='ocr_line' id='line_1_26' title="bbox 138 2557 621 2610; baseline -0.006 -1"><span class='ocrx_word' id='word_1_194' title='bbox 138 2565 208 2610; x_wconf 82' lang='lat' dir='ltr'><strong>tutes</strong></span> <span class='ocrx_word' id='word_1_195' title='bbox 232 2557 344 2607; x_wconf 83' lang='lat' dir='ltr'>haberet.</span> <span class='ocrx_word' id='word_1_196' title='bbox 381 2559 430 2607; x_wconf 87' lang='lat' dir='ltr'>Hic</span> <span class='ocrx_word' id='word_1_197' title='bbox 454 2564 541 2608; x_wconf 88' lang='lat' dir='ltr'>nutem</span> <span class='ocrx_word' id='word_1_198' title='bbox 567 2563 621 2608; x_wconf 85' lang='lat' dir='ltr'>tres</span> 
     </span>
     <span class='ocr_line' id='line_1_27' title="bbox 138 2625 621 2692; baseline -0.008 -14"><span class='ocrx_word' id='word_1_199' title='bbox 138 2632 239 2678; x_wconf 79' lang='lat' dir='ltr'>tantum</span> <span class='ocrx_word' id='word_1_200' title='bbox 281 2625 398 2676; x_wconf 71' lang='lat' dir='ltr'>distinxit</span> <span class='ocrx_word' id='word_1_201' title='bbox 427 2627 527 2676; x_wconf 80' lang='lat' dir='ltr'>virtutis</span> <span class='ocrx_word' id='word_1_202' title='bbox 560 2641 621 2692; x_wconf 85' lang='lat' dir='ltr'>gra-</span> 
     </span>
    </p>
   </div>
   <div class='ocr_carea' id='block_1_13' title="bbox 139 2694 620 2828">
    <p class='ocr_par' dir='ltr' id='par_1_13' title="bbox 139 2694 620 2828">
     <span class='ocr_line' id='line_1_28' title="bbox 139 2694 620 2759; baseline 0.004 -15"><span class='ocrx_word' id='word_1_203' title='bbox 139 2696 197 2759; x_wconf 82' lang='lat' dir='ltr'>dus,</span> <span class='ocrx_word' id='word_1_204' title='bbox 218 2694 362 2758; x_wconf 89' lang='lat' dir='ltr'>dequibus</span> <span class='ocrx_word' id='word_1_205' title='bbox 382 2694 414 2743; x_wconf 92' lang='lat' dir='ltr'>ad</span> <span class='ocrx_word' id='word_1_206' title='bbox 432 2709 457 2759; x_wconf 92' lang='lat' dir='ltr'>p.</span> <span class='ocrx_word' id='word_1_207' title='bbox 478 2694 518 2747; x_wconf 77' lang='lat'>68.</span> <span class='ocrx_word' id='word_1_208' title='bbox 539 2694 569 2743; x_wconf 87' lang='lat' dir='ltr'>B.</span> <span class='ocrx_word' id='word_1_209' title='bbox 590 2694 620 2746; x_wconf 83' lang='lat' dir='ltr'>C.</span> 
     </span>
     <span class='ocr_line' id='line_1_29' title="bbox 141 2763 405 2828; baseline 0.008 -16"><span class='ocrx_word' id='word_1_210' title='bbox 141 2779 197 2828; x_wconf 82' lang='lat' dir='ltr'>sqq.</span> <span class='ocrx_word' id='word_1_211' title='bbox 215 2763 405 2827; x_wconf 79' lang='lat' dir='ltr'>explicavimus.</span> 
     </span>
    </p>
   </div>
   <div class='ocr_carea' id='block_1_14' title="bbox 141 2896 627 4188">
    <p class='ocr_par' dir='ltr' id='par_1_14' title="bbox 141 2896 627 4188">
     <span class='ocr_line' id='line_1_30' title="bbox 175 2896 620 2961; baseline -0.004 -14"><span class='ocrx_word' id='word_1_212' title='bbox 175 2898 236 2961; x_wconf 83' lang='lat' dir='ltr'>Cap.</span> <span class='ocrx_word' id='word_1_213' title='bbox 267 2896 376 2946; x_wconf 87' lang='lat' dir='ltr'>XXXll.</span> <span class='ocrx_word' id='word_1_214' title='bbox 424 2897 480 2952; x_wconf 73' lang='grc' dir='ltr'>Εἰς</span> <span class='ocrx_word' id='word_1_215' title='bbox 516 2898 552 2946; x_wconf 73' lang='grc' dir='ltr'>δέ</span> <span class='ocrx_word' id='word_1_216' title='bbox 589 2915 620 2961; x_wconf 78' lang='grc' dir='ltr'>γε</span> 
     </span>
     <span class='ocr_line' id='line_1_31' title="bbox 141 2963 624 3028; baseline 0.002 -15"><span class='ocrx_word' id='word_1_217' title='bbox 141 2969 226 3014; x_wconf 78' lang='grc' dir='ltr'><em>θεῶν</em></span> <span class='ocrx_word' id='word_1_218' title='bbox 245 2963 390 3028; x_wconf 72' lang='grc' dir='ltr'>μένος-]</span> <span class='ocrx_word' id='word_1_219' title='bbox 411 2963 496 3013; x_wconf 87' lang='lat' dir='ltr'>Locus</span> <span class='ocrx_word' id='word_1_220' title='bbox 515 2967 624 3014; x_wconf 90' lang='lat' dir='ltr'>multum</span> 
     </span>
     <span class='ocr_line' id='line_1_32' title="bbox 141 3031 625 3090; baseline -0.004 -8"><span class='ocrx_word' id='word_1_221' title='bbox 141 3040 267 3090; x_wconf 73' lang='lat' dir='ltr'>rexatus,</span> <span class='ocrx_word' id='word_1_222' title='bbox 296 3031 329 3079; x_wconf 90' lang='lat' dir='ltr'>de</span> <span class='ocrx_word' id='word_1_223' title='bbox 355 3032 426 3079; x_wconf 83' lang='lat' dir='ltr'>cuius</span> <span class='ocrx_word' id='word_1_224' title='bbox 450 3038 534 3080; x_wconf 86' lang='lat' dir='ltr'>tamen</span> <span class='ocrx_word' id='word_1_225' title='bbox 560 3034 625 3081; x_wconf 87' lang='lat' dir='ltr'>seri-</span> 
     </span>
     <span class='ocr_line' id='line_1_33' title="bbox 144 3097 625 3164; baseline -0.002 -16"><span class='ocrx_word' id='word_1_226' title='bbox 144 3107 219 3164; x_wconf 91' lang='lat' dir='ltr'>ptura</span> <span class='ocrx_word' id='word_1_227' title='bbox 243 3097 318 3146; x_wconf 83' lang='lat' dir='ltr'>codd.</span> <span class='ocrx_word' id='word_1_228' title='bbox 353 3097 410 3146; x_wconf 75' lang='lat' dir='ltr'>nillil</span> <span class='ocrx_word' id='word_1_229' title='bbox 435 3099 625 3162; x_wconf 83' lang='lat' dir='ltr'>propemodum</span> 
     </span>
     <span class='ocr_line' id='line_1_34' title="bbox 144 3163 625 3229; baseline -0.004 -13"><span class='ocrx_word' id='word_1_230' title='bbox 144 3169 249 3218; x_wconf 86' lang='lat' dir='ltr'>variaut.</span> <span class='ocrx_word' id='word_1_231' title='bbox 275 3164 351 3214; x_wconf 86' lang='lat' dir='ltr'>Bodl.</span> <span class='ocrx_word' id='word_1_232' title='bbox 374 3163 487 3229; x_wconf 82' lang='lat' dir='ltr'>Tubing.</span> <span class='ocrx_word' id='word_1_233' title='bbox 516 3167 625 3229; x_wconf 85' lang='lat' dir='ltr'>aliique:</span> 
     </span>
     <span class='ocr_line' id='line_1_35' title="bbox 144 3232 626 3299; baseline 0.004 -18"><span class='ocrx_word' id='word_1_234' title='bbox 144 3234 203 3284; x_wconf 59' lang='grc' dir='ltr'>ἄλλ)</span> <span class='ocrx_word' id='word_1_235' title='bbox 232 3233 301 3299; x_wconf 54' lang='lat' dir='ltr'>drgo</span> <span class='ocrx_word' id='word_1_236' title='bbox 329 3232 476 3298; x_wconf 77' lang='grc' dir='ltr'><em>φιλσμιιθεῐ</em></span> <span class='ocrx_word' id='word_1_237' title='bbox 514 3233 626 3284; x_wconf 78' lang='lat' dir='ltr'>Vaticntl.</span> 
     </span>
     <span class='ocr_line' id='line_1_36' title="bbox 142 3299 624 3366; baseline -0.002 -17"><span class='ocrx_word' id='word_1_238' title='bbox 142 3301 173 3351; x_wconf 75' lang='grc' dir='ltr'>ου’</span> <span class='ocrx_word' id='word_1_239' title='bbox 193 3306 275 3366; x_wconf 65' lang='grc' dir='ltr'><em>θέμις,</em></span> <span class='ocrx_word' id='word_1_240' title='bbox 290 3299 455 3364; x_wconf 72' lang='grc' dir='ltr'>ἀφικνεῖσθαι</span> <span class='ocrx_word' id='word_1_241' title='bbox 478 3300 537 3349; x_wconf 79' lang='lat' dir='ltr'>odd’</span> <span class='ocrx_word' id='word_1_242' title='bbox 558 3302 624 3364; x_wconf 73' lang='grc' dir='ltr'><em>ἄλλοι</em></span> 
     </span>
     <span class='ocr_line' id='line_1_37' title="bbox 143 3356 625 3437; baseline 0.01 -21"><span class='ocrx_word' id='word_1_243' title='bbox 143 3370 158 3434; x_wconf 78' lang='grc' dir='ltr'><strong><em>ἢ</em></strong></span> <span class='ocrx_word' id='word_1_244' title='bbox 178 3375 213 3437; x_wconf 78' lang='grc' dir='ltr'>τῷ</span> <span class='ocrx_word' id='word_1_245' title='bbox 232 3356 387 3434; x_wconf 69' lang='grc' dir='ltr'><em>φθομιιθεῖ.</em></span> <span class='ocrx_word' id='word_1_246' title='bbox 422 3370 463 3419; x_wconf 80' lang='lat' dir='ltr'>Ex</span> <span class='ocrx_word' id='word_1_247' title='bbox 476 3371 568 3433; x_wconf 78' lang='lat' dir='ltr'>quilius</span> <span class='ocrx_word' id='word_1_248' title='bbox 587 3373 625 3420; x_wconf 89' lang='lat' dir='ltr'>al-</span> 
     </span>
     <span class='ocr_line' id='line_1_38' title="bbox 142 3437 624 3502; baseline -0.006 -11"><span class='ocrx_word' id='word_1_249' title='bbox 142 3448 226 3491; x_wconf 91' lang='lat' dir='ltr'>terum</span> <span class='ocrx_word' id='word_1_250' title='bbox 247 3437 420 3499; x_wconf 74' lang='lat' dir='ltr'>difficultates,</span> <span class='ocrx_word' id='word_1_251' title='bbox 440 3439 461 3487; x_wconf 91' lang='lat' dir='ltr'>si</span> <span class='ocrx_word' id='word_1_252' title='bbox 480 3454 547 3502; x_wconf 84' lang='lat' dir='ltr'>quae</span> <span class='ocrx_word' id='word_1_253' title='bbox 565 3440 624 3500; x_wconf 85' lang='lat' dir='ltr'>sint,</span> 
     </span>
     <span class='ocr_line' id='line_1_39' title="bbox 141 3506 625 3570; baseline -0.002 -12"><span class='ocrx_word' id='word_1_254' title='bbox 141 3523 192 3558; x_wconf 89' lang='lat' dir='ltr'>uon</span> <span class='ocrx_word' id='word_1_255' title='bbox 210 3508 285 3565; x_wconf 85' lang='lat' dir='ltr'>tollit,</span> <span class='ocrx_word' id='word_1_256' title='bbox 308 3508 425 3567; x_wconf 84' lang='lat' dir='ltr'>alterum,</span> <span class='ocrx_word' id='word_1_257' title='bbox 447 3506 516 3570; x_wconf 86' lang='lat' dir='ltr'>qrrod</span> <span class='ocrx_word' id='word_1_258' title='bbox 537 3523 625 3570; x_wconf 78' lang='lat' dir='ltr'>gram-</span> 
     </span>
     <span class='ocr_line' id='line_1_40' title="bbox 142 3574 624 3638; baseline -0.002 -11"><span class='ocrx_word' id='word_1_259' title='bbox 142 3577 227 3627; x_wconf 86' lang='lat' dir='ltr'>matiei</span> <span class='ocrx_word' id='word_1_260' title='bbox 245 3574 377 3638; x_wconf 79' lang='lat' dir='ltr'>emplastri</span> <span class='ocrx_word' id='word_1_261' title='bbox 400 3577 512 3637; x_wconf 85' lang='lat' dir='ltr'>speciem</span> <span class='ocrx_word' id='word_1_262' title='bbox 538 3576 624 3637; x_wconf 85' lang='lat' dir='ltr'>habet,</span> 
     </span>
     <span class='ocr_line' id='line_1_41' title="bbox 143 3644 624 3707; baseline 0 -13"><span class='ocrx_word' id='word_1_263' title='bbox 143 3646 234 3695; x_wconf 92' lang='lat' dir='ltr'>mirum</span> <span class='ocrx_word' id='word_1_264' title='bbox 255 3649 376 3706; x_wconf 86' lang='lat' dir='ltr'>quantum</span> <span class='ocrx_word' id='word_1_265' title='bbox 395 3644 526 3707; x_wconf 79' lang='lat' dir='ltr'>languoris</span> <span class='ocrx_word' id='word_1_266' title='bbox 546 3645 624 3694; x_wconf 79' lang='lat' dir='ltr'>affert</span> 
     </span>
     <span class='ocr_line' id='line_1_42' title="bbox 143 3709 623 3774; baseline -0.015 -12"><span class='ocrx_word' id='word_1_267' title='bbox 143 3712 261 3764; x_wconf 87' lang='lat' dir='ltr'>orationi.</span> <span class='ocrx_word' id='word_1_268' title='bbox 283 3711 372 3774; x_wconf 89' lang='lat' dir='ltr'>ltaque</span> <span class='ocrx_word' id='word_1_269' title='bbox 390 3709 623 3774; x_wconf 84' lang='lat' dir='ltr'>Wyttenbaolr.</span> 
     </span>
     <span class='ocr_line' id='line_1_43' title="bbox 144 3779 624 3844; baseline 0.002 -15"><span class='ocrx_word' id='word_1_270' title='bbox 144 3781 228 3831; x_wconf 86' lang='lat' dir='ltr'>verbis</span> <span class='ocrx_word' id='word_1_271' title='bbox 262 3779 424 3844; x_wconf 85' lang='lat' dir='ltr'>transpositis</span> <span class='ocrx_word' id='word_1_272' title='bbox 460 3779 624 3831; x_wconf 85' lang='lat' dir='ltr'>scribendum</span> 
     </span>
     <span class='ocr_line' id='line_1_44' title="bbox 146 3848 626 3914; baseline -0.004 -15"><span class='ocrx_word' id='word_1_273' title='bbox 146 3848 265 3914; x_wconf 78' lang='lat' dir='ltr'>putabals</span> <span class='ocrx_word' id='word_1_274' title='bbox 290 3849 325 3905; x_wconf 76' lang='grc' dir='ltr'>εἰς</span> <span class='ocrx_word' id='word_1_275' title='bbox 348 3848 377 3898; x_wconf 75' lang='grc' dir='ltr'>δέ</span> <span class='ocrx_word' id='word_1_276' title='bbox 398 3863 426 3912; x_wconf 76' lang='grc' dir='ltr'>με</span> <span class='ocrx_word' id='word_1_277' title='bbox 458 3851 529 3896; x_wconf 72' lang='grc' dir='ltr'><em>θεῶν</em></span> <span class='ocrx_word' id='word_1_278' title='bbox 553 3851 626 3914; x_wconf 74' lang='grc' dir='ltr'><em>μένος</em></span> 
     </span>
     <span class='ocr_line' id='line_1_45' title="bbox 143 3912 624 3984; baseline 0 -20"><span class='ocrx_word' id='word_1_279' title='bbox 143 3916 180 3984; x_wconf 77' lang='grc' dir='ltr'>μὴ</span> <span class='ocrx_word' id='word_1_280' title='bbox 208 3913 250 3966; x_wconf 77' lang='grc' dir='ltr'>σθ·Ι</span> <span class='ocrx_word' id='word_1_281' title='bbox 264 3917 342 3980; x_wconf 64' lang='grc' dir='ltr'><em>θέμις</em></span> <span class='ocrx_word' id='word_1_282' title='bbox 368 3912 538 3980; x_wconf 73' lang='grc' dir='ltr'>ἀφικνεῖσθαι</span> <span class='ocrx_word' id='word_1_283' title='bbox 556 3917 624 3982; x_wconf 79' lang='grc' dir='ltr'><strong><em>ἄλλῳ</em></strong></span> 
     </span>
     <span class='ocr_line' id='line_1_46' title="bbox 144 3984 627 4052; baseline 0.002 -19"><span class='ocrx_word' id='word_1_284' title='bbox 144 3985 161 4048; x_wconf 76' lang='grc' dir='ltr'><em>ἢ</em></span> <span class='ocrx_word' id='word_1_285' title='bbox 184 3988 220 4052; x_wconf 74' lang='grc' dir='ltr'>τῷ</span> <span class='ocrx_word' id='word_1_286' title='bbox 246 3984 395 4049; x_wconf 76' lang='grc' dir='ltr'><em>φιλσμιιθιῖ</em></span> <span class='ocrx_word' id='word_1_287' title='bbox 419 3984 627 4050; x_wconf 72' lang='grc' dir='ltr'><em>φιλοσοφήσαντι</em></span> 
     </span>
     <span class='ocr_line' id='line_1_47' title="bbox 142 4052 625 4120; baseline 0.008 -19"><span class='ocrx_word' id='word_1_288' title='bbox 142 4053 187 4104; x_wconf 75' lang='grc' dir='ltr'><em>καὶ</em></span> <span class='ocrx_word' id='word_1_289' title='bbox 211 4053 340 4107; x_wconf 77' lang='grc' dir='ltr'>παντελῶς</span> <span class='ocrx_word' id='word_1_290' title='bbox 365 4055 489 4120; x_wconf 77' lang='grc' dir='ltr'>καθαρῶς</span> <span class='ocrx_word' id='word_1_291' title='bbox 508 4052 625 4118; x_wconf 72' lang='grc' dir='ltr'><em>ἀπιόντι,</em></span> 
     </span>
     <span class='ocr_line' id='line_1_48' title="bbox 142 4119 626 4188; baseline 0.006 -16"><span class='ocrx_word' id='word_1_292' title='bbox 142 4122 175 4172; x_wconf 88' lang='lat' dir='ltr'>iu</span> <span class='ocrx_word' id='word_1_293' title='bbox 206 4119 344 4173; x_wconf 81' lang='lat' dir='ltr'>deornm</span> <span class='ocrx_word' id='word_1_294' title='bbox 378 4127 488 4173; x_wconf 85' lang='lat' dir='ltr'>autem</span> <span class='ocrx_word' id='word_1_295' title='bbox 521 4137 626 4188; x_wconf 75' lang='lat' dir='ltr'>genus</span> 
     </span>
    </p>
   </div>
   <div class='ocr_carea' id='block_1_15' title="bbox 672 2351 1228 4183">
    <p class='ocr_par' dir='ltr' id='par_1_15' title="bbox 672 2351 1228 4183">
     <span class='ocr_line' id='line_1_49' title="bbox 673 2351 1153 2418; baseline 0.002 -16"><span class='ocrx_word' id='word_1_296' title='bbox 673 2351 766 2403; x_wconf 81' lang='lat' dir='ltr'>nefas</span> <span class='ocrx_word' id='word_1_297' title='bbox 797 2356 850 2403; x_wconf 83' lang='lat' dir='ltr'>est</span> <span class='ocrx_word' id='word_1_298' title='bbox 877 2352 935 2402; x_wconf 90' lang='lat' dir='ltr'>alli</span> <span class='ocrx_word' id='word_1_299' title='bbox 965 2354 1153 2418; x_wconf 83' lang='lat' dir='ltr'>pervenire,</span> 
     </span>
     <span class='ocr_line' id='line_1_50' title="bbox 673 2420 1183 2485; baseline -0.002 -14"><span class='ocrx_word' id='word_1_300' title='bbox 673 2437 764 2485; x_wconf 86' lang='lat' dir='ltr'>quam</span> <span class='ocrx_word' id='word_1_301' title='bbox 797 2420 972 2471; x_wconf 84' lang='lat' dir='ltr'>doctrinae</span> <span class='ocrx_word' id='word_1_302' title='bbox 1002 2422 1153 2471; x_wconf 82' lang='lat' dir='ltr'>studioso</span> <span class='ocrx_word' id='word_1_303' title='bbox 1180 2425 1183 2429; x_wconf 78' lang='grc'>’</span> 
     </span>
     <span class='ocr_line' id='line_1_51' title="bbox 673 2488 1153 2554; baseline 0 -16"><span class='ocrx_word' id='word_1_304' title='bbox 673 2488 914 2554; x_wconf 85' lang='lat' dir='ltr'>plrilosoplrnto</span> <span class='ocrx_word' id='word_1_305' title='bbox 933 2495 964 2538; x_wconf 89' lang='lat' dir='ltr'>et</span> <span class='ocrx_word' id='word_1_306' title='bbox 984 2491 1080 2553; x_wconf 87' lang='lat' dir='ltr'>plane</span> <span class='ocrx_word' id='word_1_307' title='bbox 1099 2503 1153 2553; x_wconf 91' lang='lat' dir='ltr'>pu-</span> 
     </span>
     <span class='ocr_line' id='line_1_52' title="bbox 672 2557 1153 2608; baseline -0.006 -1"><span class='ocrx_word' id='word_1_308' title='bbox 672 2557 1153 2608; x_wconf 64' lang='lat' dir='ltr'>roabeumilletnuorttusau-</span> 
     </span>
     <span class='ocr_line' id='line_1_53' title="bbox 672 2624 1154 2692; baseline -0.004 -16"><span class='ocrx_word' id='word_1_309' title='bbox 672 2633 724 2676; x_wconf 88' lang='lat' dir='ltr'>tem</span> <span class='ocrx_word' id='word_1_310' title='bbox 744 2639 893 2692; x_wconf 82' lang='lat' dir='ltr'>germanam</span> <span class='ocrx_word' id='word_1_311' title='bbox 907 2625 1059 2691; x_wconf 84' lang='lat' dir='ltr'>scripturam</span> <span class='ocrx_word' id='word_1_312' title='bbox 1074 2624 1154 2675; x_wconf 81' lang='lat' dir='ltr'>fuisse</span> 
     </span>
     <span class='ocr_line' id='line_1_54' title="bbox 672 2692 1153 2760; baseline -0.008 -16"><span class='ocrx_word' id='word_1_313' title='bbox 672 2693 736 2744; x_wconf 79' lang='lat' dir='ltr'>hauc</span> <span class='ocrx_word' id='word_1_314' title='bbox 761 2695 956 2759; x_wconf 82' lang='lat' dir='ltr'>auspicabaturr</span> <span class='ocrx_word' id='word_1_315' title='bbox 987 2692 1050 2743; x_wconf 73' lang='grc' dir='ltr'><em>ἄλλα</em></span> <span class='ocrx_word' id='word_1_316' title='bbox 1081 2692 1153 2760; x_wconf 80' lang='grc' dir='ltr'>μόνῳ</span> 
     </span>
     <span class='ocr_line' id='line_1_55' title="bbox 672 2760 1152 2830; baseline -0.008 -18"><span class='ocrx_word' id='word_1_317' title='bbox 672 2769 706 2830; x_wconf 73' lang='grc' dir='ltr'>τῷ</span> <span class='ocrx_word' id='word_1_318' title='bbox 732 2763 879 2828; x_wconf 77' lang='grc' dir='ltr'><em>φιλομαθτῖ</em></span> <span class='ocrx_word' id='word_1_319' title='bbox 908 2760 1008 2812; x_wconf 77' lang='grc' dir='ltr'><em>τούτων</em></span> <span class='ocrx_word' id='word_1_320' title='bbox 1039 2760 1108 2810; x_wconf 62' lang='grc' dir='ltr'><em>ἓνεκα</em></span> <span class='ocrx_word' id='word_1_321' title='bbox 1130 2779 1152 2813; x_wconf 87' lang='grc' dir='ltr'>ιι.</span> 
     </span>
     <span class='ocr_line' id='line_1_56' title="bbox 672 2831 1155 2894; baseline -0.004 -14"><span class='ocrx_word' id='word_1_322' title='bbox 672 2851 696 2881; x_wconf 84' lang='grc' dir='ltr'>τ.</span> <span class='ocrx_word' id='word_1_323' title='bbox 714 2831 736 2882; x_wconf 84' lang='grc' dir='ltr'>λ,</span> <span class='ocrx_word' id='word_1_324' title='bbox 772 2831 870 2880; x_wconf 85' lang='lat' dir='ltr'>Vereor</span> <span class='ocrx_word' id='word_1_325' title='bbox 883 2835 969 2880; x_wconf 83' lang='lat' dir='ltr'>tamen</span> <span class='ocrx_word' id='word_1_326' title='bbox 984 2832 1035 2880; x_wconf 88' lang='lat' dir='ltr'>ulla</span> <span class='ocrx_word' id='word_1_327' title='bbox 1047 2835 1076 2879; x_wconf 89' lang='lat' dir='ltr'>ut</span> <span class='ocrx_word' id='word_1_328' title='bbox 1090 2843 1155 2894; x_wconf 87' lang='lat' dir='ltr'>opus</span> 
     </span>
     <span class='ocr_line' id='line_1_57' title="bbox 672 2896 1156 2949; baseline -0.002 -2"><span class='ocrx_word' id='word_1_329' title='bbox 672 2900 707 2948; x_wconf 88' lang='lat' dir='ltr'>sit</span> <span class='ocrx_word' id='word_1_330' title='bbox 730 2899 869 2947; x_wconf 84' lang='lat' dir='ltr'>verborum</span> <span class='ocrx_word' id='word_1_331' title='bbox 899 2898 1068 2949; x_wconf 83' lang='lat' dir='ltr'>correctione.</span> <span class='ocrx_word' id='word_1_332' title='bbox 1110 2896 1156 2949; x_wconf 87' lang='lat' dir='ltr'>Vi-</span> 
     </span>
     <span class='ocr_line' id='line_1_58' title="bbox 677 2963 1158 3030; baseline -0.004 -16"><span class='ocrx_word' id='word_1_333' title='bbox 677 2966 753 3015; x_wconf 89' lang='lat' dir='ltr'>detur</span> <span class='ocrx_word' id='word_1_334' title='bbox 778 2965 843 3014; x_wconf 89' lang='lat' dir='ltr'>enim</span> <span class='ocrx_word' id='word_1_335' title='bbox 869 2965 951 3014; x_wconf 81' lang='lat' dir='ltr'>istuds</span> <span class='ocrx_word' id='word_1_336' title='bbox 981 2965 1049 3026; x_wconf 75' lang='grc' dir='ltr'><em>ἄλλοι</em></span> <span class='ocrx_word' id='word_1_337' title='bbox 1081 2963 1096 3025; x_wconf 79' lang='grc' dir='ltr'><strong><em>ἢ</em></strong></span> <span class='ocrx_word' id='word_1_338' title='bbox 1121 2969 1158 3030; x_wconf 78' lang='grc' dir='ltr'>τῷ</span> 
     </span>
     <span class='ocr_line' id='line_1_59' title="bbox 677 3029 1212 3096; baseline 0 -18"><span class='ocrx_word' id='word_1_339' title='bbox 677 3034 841 3096; x_wconf 80' lang='grc' dir='ltr'><em>φιλομιιθιῖ,</em></span> <span class='ocrx_word' id='word_1_340' title='bbox 865 3047 911 3095; x_wconf 91' lang='lat' dir='ltr'>per</span> <span class='ocrx_word' id='word_1_341' title='bbox 936 3031 1093 3094; x_wconf 83' lang='lat' dir='ltr'>epexegesiu</span> <span class='ocrx_word' id='word_1_342' title='bbox 1110 3029 1158 3079; x_wconf 87' lang='lat' dir='ltr'>ad·</span> <span class='ocrx_word' id='word_1_343' title='bbox 1210 3054 1212 3059; x_wconf 96' lang='lat'>·</span> 
     </span>
     <span class='ocr_line' id='line_1_60' title="bbox 678 3097 1160 3161; baseline -0.002 -14"><span class='ocrx_word' id='word_1_344' title='bbox 678 3099 757 3147; x_wconf 89' lang='lat' dir='ltr'>ditum</span> <span class='ocrx_word' id='word_1_345' title='bbox 778 3114 837 3146; x_wconf 80' lang='lat' dir='ltr'>ease</span> <span class='ocrx_word' id='word_1_346' title='bbox 849 3097 978 3161; x_wconf 84' lang='lat' dir='ltr'>superiori</span> <span class='ocrx_word' id='word_1_347' title='bbox 996 3097 1031 3158; x_wconf 73' lang='grc' dir='ltr'>μὴ</span> <span class='ocrx_word' id='word_1_348' title='bbox 1050 3098 1160 3160; x_wconf 81' lang='grc' dir='ltr'><em>φιλοσο-</em></span> 
     </span>
     <span class='ocr_line' id='line_1_61' title="bbox 678 3164 1157 3232; baseline 0.004 -21"><span class='ocrx_word' id='word_1_349' title='bbox 678 3164 791 3229; x_wconf 69' lang='grc' dir='ltr'><em>φήσανιι</em></span> <span class='ocrx_word' id='word_1_350' title='bbox 818 3164 860 3212; x_wconf 80' lang='grc' dir='ltr'><em>καὶ</em></span> <span class='ocrx_word' id='word_1_351' title='bbox 889 3164 1014 3219; x_wconf 70' lang='grc' dir='ltr'>παντελῶς</span> <span class='ocrx_word' id='word_1_352' title='bbox 1037 3169 1157 3232; x_wconf 76' lang='grc' dir='ltr'><em>καθαρῷ,</em></span> 
     </span>
     <span class='ocr_line' id='line_1_62' title="bbox 678 3231 1158 3298; baseline 0.002 -16"><span class='ocrx_word' id='word_1_353' title='bbox 678 3235 737 3297; x_wconf 82' lang='lat' dir='ltr'>quia</span> <span class='ocrx_word' id='word_1_354' title='bbox 756 3231 770 3281; x_wconf 76' lang='grc' dir='ltr'><em>ὁ</em></span> <span class='ocrx_word' id='word_1_355' title='bbox 791 3231 954 3298; x_wconf 74' lang='grc' dir='ltr'><em>φιλομαθής,</em></span> <span class='ocrx_word' id='word_1_356' title='bbox 973 3235 1015 3296; x_wconf 87' lang='lat' dir='ltr'>qui</span> <span class='ocrx_word' id='word_1_357' title='bbox 1033 3233 1101 3285; x_wconf 91' lang='lat' dir='ltr'>idem</span> <span class='ocrx_word' id='word_1_358' title='bbox 1117 3239 1158 3284; x_wconf 84' lang='lat' dir='ltr'>est</span> 
     </span>
     <span class='ocr_line' id='line_1_63' title="bbox 677 3287 1164 3367; baseline 0.004 -17"><span class='ocrx_word' id='word_1_359' title='bbox 677 3301 691 3350; x_wconf 78' lang='grc' dir='ltr'><em>ὁ</em></span> <span class='ocrx_word' id='word_1_360' title='bbox 718 3299 908 3365; x_wconf 72' lang='grc' dir='ltr'><em>φιλοσοφήσας,</em></span> <span class='ocrx_word' id='word_1_361' title='bbox 937 3302 1088 3351; x_wconf 86' lang='lat' dir='ltr'>luculentius</span> <span class='ocrx_word' id='word_1_362' title='bbox 1107 3287 1164 3367; x_wconf 63' lang='lat' dir='ltr'>opt-&#39;¹</span> 
     </span>
     <span class='ocr_line' id='line_1_64' title="bbox 675 3369 1157 3436; baseline 0 -16"><span class='ocrx_word' id='word_1_363' title='bbox 675 3372 780 3436; x_wconf 87' lang='lat' dir='ltr'>ponitur</span> <span class='ocrx_word' id='word_1_364' title='bbox 798 3375 852 3425; x_wconf 83' lang='grc' dir='ltr'>τοῖς</span> <span class='ocrx_word' id='word_1_365' title='bbox 874 3369 1090 3434; x_wconf 79' lang='grc' dir='ltr'><em>φιλοχρημᾰτσις,</em></span> <span class='ocrx_word' id='word_1_366' title='bbox 1113 3388 1157 3435; x_wconf 85' lang='grc' dir='ltr'>φι-</span> 
     </span>
     <span class='ocr_line' id='line_1_65' title="bbox 676 3438 1228 3503; baseline 0.005 -17"><span class='ocrx_word' id='word_1_367' title='bbox 676 3438 783 3502; x_wconf 77' lang='grc' dir='ltr'><em>λάρχσις</em></span> <span class='ocrx_word' id='word_1_368' title='bbox 802 3444 828 3487; x_wconf 86' lang='lat' dir='ltr'>et</span> <span class='ocrx_word' id='word_1_369' title='bbox 844 3439 1001 3503; x_wconf 76' lang='grc' dir='ltr'>φιλοτίμοις,</span> <span class='ocrx_word' id='word_1_370' title='bbox 1020 3439 1062 3502; x_wconf 84' lang='lat' dir='ltr'>qui</span> <span class='ocrx_word' id='word_1_371' title='bbox 1083 3438 1156 3489; x_wconf 74' lang='lat' dir='ltr'>dein-</span> <span class='ocrx_word' id='word_1_372' title='bbox 1227 3449 1228 3453; x_wconf 77' lang='grc'>’</span> 
     </span>
     <span class='ocr_line' id='line_1_66' title="bbox 675 3507 1157 3572; baseline -0.002 -14"><span class='ocrx_word' id='word_1_373' title='bbox 675 3523 738 3572; x_wconf 89' lang='lat' dir='ltr'>ceps</span> <span class='ocrx_word' id='word_1_374' title='bbox 755 3511 998 3557; x_wconf 83' lang='lat' dir='ltr'>commemorantur.</span> <span class='ocrx_word' id='word_1_375' title='bbox 1026 3507 1157 3559; x_wconf 78' lang='lat' dir='ltr'>Quocirca</span> 
     </span>
     <span class='ocr_line' id='line_1_67' title="bbox 675 3573 1159 3642; baseline 0.002 -15"><span class='ocrx_word' id='word_1_376' title='bbox 675 3575 846 3642; x_wconf 87' lang='lat' dir='ltr'>oppositionis</span> <span class='ocrx_word' id='word_1_377' title='bbox 859 3573 1033 3638; x_wconf 80' lang='lat' dir='ltr'>ratio&#39;effecit,</span> <span class='ocrx_word' id='word_1_378' title='bbox 1052 3581 1081 3626; x_wconf 92' lang='lat' dir='ltr'>ut</span> <span class='ocrx_word' id='word_1_379' title='bbox 1097 3590 1159 3628; x_wconf 76' lang='lat' dir='ltr'>seu-</span> 
     </span>
     <span class='ocr_line' id='line_1_68' title="bbox 675 3641 1159 3696; baseline -0.006 0"><span class='ocrx_word' id='word_1_380' title='bbox 675 3646 756 3696; x_wconf 79' lang='lat' dir='ltr'>t&#39;entia</span> <span class='ocrx_word' id='word_1_381' title='bbox 773 3645 824 3694; x_wconf 81' lang='lat' dir='ltr'>isto</span> <span class='ocrx_word' id='word_1_382' title='bbox 842 3642 921 3693; x_wconf 86' lang='lat' dir='ltr'>modo</span> <span class='ocrx_word' id='word_1_383' title='bbox 944 3641 1049 3695; x_wconf 86' lang='lat' dir='ltr'>dilatata</span> <span class='ocrx_word' id='word_1_384' title='bbox 1068 3645 1101 3694; x_wconf 84' lang='lat' dir='ltr'>sit</span> <span class='ocrx_word' id='word_1_385' title='bbox 1118 3649 1159 3693; x_wconf 81' lang='lat' dir='ltr'>ut-</span> 
     </span>
     <span class='ocr_line' id='line_1_69' title="bbox 675 3711 1158 3778; baseline -0.008 -14"><span class='ocrx_word' id='word_1_386' title='bbox 675 3729 724 3778; x_wconf 86' lang='lat' dir='ltr'>que</span> <span class='ocrx_word' id='word_1_387' title='bbox 750 3727 827 3763; x_wconf 86' lang='lat' dir='ltr'>unam</span> <span class='ocrx_word' id='word_1_388' title='bbox 848 3711 1009 3774; x_wconf 87' lang='lat' dir='ltr'>eandemque</span> <span class='ocrx_word' id='word_1_389' title='bbox 1038 3727 1093 3763; x_wconf 90' lang='lat' dir='ltr'>rem</span> <span class='ocrx_word' id='word_1_390' title='bbox 1118 3711 1158 3761; x_wconf 92' lang='lat' dir='ltr'>bis</span> 
     </span>
     <span class='ocr_line' id='line_1_70' title="bbox 676 3779 1159 3846; baseline -0.01 -15"><span class='ocrx_word' id='word_1_391' title='bbox 676 3783 835 3846; x_wconf 80' lang='lat' dir='ltr'>designatam</span> <span class='ocrx_word' id='word_1_392' title='bbox 863 3779 1011 3831; x_wconf 86' lang='lat' dir='ltr'>lrabcamns.</span> <span class='ocrx_word' id='word_1_393' title='bbox 1062 3779 1159 3828; x_wconf 82' lang='lat' dir='ltr'>Veram</span> 
     </span>
     <span class='ocr_line' id='line_1_71' title="bbox 678 3848 1158 3905; baseline -0.015 -5"><span class='ocrx_word' id='word_1_394' title='bbox 678 3865 737 3900; x_wconf 85' lang='lat' dir='ltr'>essa</span> <span class='ocrx_word' id='word_1_395' title='bbox 766 3849 830 3898; x_wconf 85' lang='lat' dir='ltr'>lrsnc</span> <span class='ocrx_word' id='word_1_396' title='bbox 851 3848 1008 3899; x_wconf 82' lang='lat' dir='ltr'>sententiam</span> <span class='ocrx_word' id='word_1_397' title='bbox 1033 3850 1158 3905; x_wconf 81' lang='lat' dir='ltr'>nostram,</span> 
     </span>
     <span class='ocr_line' id='line_1_72' title="bbox 676 3915 1159 3981; baseline -0.014 -13"><span class='ocrx_word' id='word_1_398' title='bbox 676 3931 883 3981; x_wconf 81' lang='lat' dir='ltr'>unumquemque</span> <span class='ocrx_word' id='word_1_399' title='bbox 914 3915 1058 3974; x_wconf 85' lang='lat' dir='ltr'>docebunt,</span> <span class='ocrx_word' id='word_1_400' title='bbox 1091 3925 1159 3974; x_wconf 81' lang='lat' dir='ltr'>qnae</span> 
     </span>
     <span class='ocr_line' id='line_1_73' title="bbox 678 3978 1177 4052; baseline -0.024 -14"><span class='ocrx_word' id='word_1_401' title='bbox 678 3987 795 4052; x_wconf 78' lang='lat' dir='ltr'>proxime</span> <span class='ocrx_word' id='word_1_402' title='bbox 804 3984 928 4048; x_wconf 84' lang='lat' dir='ltr'>deinceps</span> <span class='ocrx_word' id='word_1_403' title='bbox 943 3982 1115 4048; x_wconf 81' lang='lat' dir='ltr'>disputantur,</span> <span class='ocrx_word' id='word_1_404' title='bbox 1132 3978 1177 4031; x_wconf 66' lang='lat' dir='ltr'>ta*</span> 
     </span>
     <span class='ocr_line' id='line_1_74' title="bbox 677 4047 1160 4120; baseline -0.019 -14"><span class='ocrx_word' id='word_1_405' title='bbox 677 4056 768 4120; x_wconf 82' lang='lat' dir='ltr'>quibus</span> <span class='ocrx_word' id='word_1_406' title='bbox 787 4052 927 4102; x_wconf 85' lang='lat' dir='ltr'>identidem</span> <span class='ocrx_word' id='word_1_407' title='bbox 954 4052 979 4096; x_wconf 82' lang='grc' dir='ltr'>οἱ</span> <span class='ocrx_word' id='word_1_408' title='bbox 997 4047 1160 4112; x_wconf 78' lang='grc' dir='ltr'><em>φιλομαθεῖς</em></span> 
     </span>
     <span class='ocr_line' id='line_1_75' title="bbox 679 4115 1162 4183; baseline -0.012 -9"><span class='ocrx_word' id='word_1_409' title='bbox 679 4124 773 4176; x_wconf 82' lang='lat' dir='ltr'>ceteris</span> <span class='ocrx_word' id='word_1_410' title='bbox 792 4137 807 4172; x_wconf 94' lang='lat' dir='ltr'>e</span> <span class='ocrx_word' id='word_1_411' title='bbox 826 4119 930 4183; x_wconf 81' lang='lat' dir='ltr'>regione</span> <span class='ocrx_word' id='word_1_412' title='bbox 941 4121 1085 4181; x_wconf 82' lang='lat' dir='ltr'>ponuntur.</span> <span class='ocrx_word' id='word_1_413' title='bbox 1109 4115 1162 4168; x_wconf 81' lang='lat' dir='ltr'>Cs-</span> 
     </span>
    </p>
   </div>
   <div class='ocr_carea' id='block_1_16' title="bbox 0 0 1313 4620">
    <p class='ocr_par' dir='ltr' id='par_1_16' title="bbox 0 0 1313 4620">
     <span class='ocr_line' id='line_1_76' title="bbox 0 0 1313 4620; baseline 0 0"><span class='ocrx_word' id='word_1_414' title='bbox 0 0 1313 4620; x_wconf 95' lang='lat' dir='ltr'> </span> 
     </span>
    </p>
   </div>
  </div>
 </body>
</html>
