2604 4620
448 58 456 89 Ι

492 269 540 314 tl)
563 267 780 315 SYMPOSIUM.
1014 271 1146 317 XXXVII
1246 232 1250 239 ¹

138 424 230 490 aliter
250 444 345 509 porro
364 421 505 506 loquitur
525 420 766 508 Aristophanes,
795 431 891 506 poeta
913 423 1062 500 comicus,
1090 443 1146 570 qur

138 508 219 574 mori
240 529 296 572 suo
317 507 539 572 convenienter
560 506 600 570 de
621 529 655 570 re
678 506 754 571 satis
775 506 865 592 gravi
888 507 1071 571 ioculariter
1130 546 1145 561 -

114 580 283 677 ‘stiveque
304 588 448 669 disserit,
478 590 519 655 de
540 612 603 674 quo
623 591 706 654 infra
727 590 960 675 disputabimus
981 590 1145 677 pluribus3

138 677 229 742 aliter
249 676 385 759 denique
406 676 561 740 declamat
581 674 722 776 Agatho,
736 673 869 740 iuvenis
882 688 980 761 poeta
994 676 1145 761 tragicus,

138 761 230 827 homo
256 762 359 827 mollis
385 784 423 825 ao
448 759 548 824 teneri
572 760 678 838 ammi,
707 760 850 842 itemque
875 759 1024 825 orationis
1049 783 1146 860 gran·

137 846 197 926 dis,
213 847 375 923 altisonae,
391 844 622 910 calamistratae
636 845 772 944 denique
783 844 986 910 affectatione
999 844 1147 933 inugnis,

137 933 192 1016 qui
214 931 309 996 etiam
331 954 371 995 ex
394 927 560 1016 Gorgiana
581 930 748 1016 discipbna
769 928 921 995 orationis
943 952 1077 994 veneres
1095 953 1146 995 re·
1175 942 1178 960 ¹
1243 982 1250 996 ,

161 1015 280 1093 etebat,
310 1015 402 1081 sicuti
429 1037 528 1099 quum
555 1038 595 1080 ex
621 1014 831 1100 Aristoph.
856 1013 959 1078 Rann.
982 1039 1013 1079 v.
1035 1016 1076 1080 25
1098 1036 1147 1098 sq.

136 1039 276 1164 lhesmo
299 1099 330 1163 h.
342 1123 372 1164 v.
384 1101 444 1177 58,
458 1110 525 1164 tum
536 1098 634 1165 ePla
643 1110 663 1164 t.
672 1099 807 1186 Protag.
817 1122 849 1184 p.
862 1097 982 1164 315.Ε.
997 1096 1146 1186 Sympoa

136 1207 170 1269 p.
194 1184 265 1248 198³
318 1182 386 1249 .C.
410 1184 631 1250 condiscimus.
666 1183 781 1267 Itaque
809 1184 850 1248 ad
876 1182 956 1248 haec
979 1184 1148 1271 diligenter

136 1269 298 1355 attendere
320 1291 398 1354 opus
421 1279 479 1348 est,
503 1269 622 1355 quippe
642 1268 757 1352 quibus
779 1268 935 1354 neglectis
954 1290 1058 1351 neque
1080 1268 1147 1333 dis·

136 1354 308 1440 putationis
342 1364 564 1440 argumentum
595 1355 707 1437 neque'
736 1353 974 1439 compositionis
1006 1375 1059 1416 ars
1098 1363 1147 1416 at-

136 1460 199 1538 que
225 1439 306 1504 ratio
327 1460 557 1522 usquequaque
578 1438 716 1537 perspici
737 1437 864 1524 poterit.
895 1434 962 1502 Sed
983 1448 1149 1524 praeterea

137 1535 233 1588 etiam
259 1523 346 1588 aliud
372 1523 450 1607 quid
478 1524 641 1589 observari
668 1533 801 1608 oportet,
832 1521 917 1605 quod
944 1522 1014 1587 fere
1035 1523 1148 1587 eodem
1240 1532 1241 1537 ’

136 1609 285 1693 pertinet.
312 1606 401 1672 Usus
423 1607 507 1670 enim
529 1606 735 1691 philosophus
758 1617 807 1671 est
827 1605 887 1670 hac
899 1606 1148 1691 opportunitate

138 1692 195 1770 sic,
222 1703 267 1770 ut,
298 1691 374 1754 dum
400 1701 540 1756 oratores
568 1689 674 1754 variae
703 1690 890 1754 eruditionis
919 1713 956 1754 ac
985 1692 1148 1756 doctrinae

138 1776 280 1860 variique
295 1775 391 1839 studii
406 1786 439 1839 et
451 1774 571 1862 ingenii
584 1775 661 1839 fecit
675 1774 826 1848 dicentes,
838 1797 904 1838 non
914 1775 1008 1840 modo
1020 1776 1159 1840 omnino»

138 1858 321 1938 ostenderit,
340 1869 466 1944 ¹quanto
494 1860 659 1924 intervallo
686 1859 828 1944 vulgaris
853 1860 979 1923 amandi
1004 1860 1087 1923 ratio
1109 1883 1148 1924 ac

137 1945 305 2030 disciplina
325 1945 465 2010 adivini
486 1945 600 2010 amoris
615 1944 801 2009 excellentia
816 1955 910 2026 atque
926 1943 1082 2032 dignitate
1096 1967 1148 2009 re-

136 2040 223 2094 mota
252 2031 306 2107 sit,
334 2030 391 2094 sed
418 2029 514 2094 etiam
544 2029 637 2094 simul
663 2029 775 2094 leniter
795 2028 961 2094 cavillatus
987 2029 1029 2093 sit
1050 2039 1147 2114 atque

137 2115 380 2181 subsannaverit
401 2127 485 2179 artes
506 2114 557 2179 vel
578 2114 705 2179 dicendi
725 2114 776 2178 vel
798 2113 976 2178 disserendi
996 2115 1048 2179 vel
1061 2114 1147 2179 iudi·

139 2201 242 2278 candi,
264 2200 381 2284 quibus
401 2199 448 2265 illi
468 2210 610 2276 utuntur,
633 2209 745 2283 utpote
760 2200 792 2263 in
807 2200 922 2264 scholis
936 2198 1101 2264 rhetorum
1116 2211 1149 2265 et

137 2285 352 2371 sophistarum
365 2285 501 2348 multum
515 2283 698 2363 celebratas,
721 2284 864 2367 adeoque
879 2284 1149 2367 vaniloquentiam

138 2370 279 2435 omnium
302 2370 408 2434 riserit
428 2379 460 2434 et
481 2368 689 2457 castigaverit.
724 2367 820 2449 Quod
847 2368 907 2433 etsi
934 2368 1069 2434 subinde
1099 2379 1148 2435 te-

138 2456 221 2521 ctius
242 2457 360 2519 factum
382 2464 440 2532 est,
469 2463 573 2518 tamen
593 2454 639 2519 ita
659 2455 778 2518 factum
800 2476 870 2518 esse
891 2454 1001 2538 liquet,
1028 2465 1149 2519 utnon

138 2541 207 2605 sine
228 2540 399 2604 festivitate
422 2539 559 2622 quadam
580 2549 674 2623 atque
695 2539 802 2623 lepore
816 2560 921 2603 mores
937 2549 969 2602 et
981 2539 1149 2624 opiniones

138 2625 320 2710 aequalium·
336 2624 557 2709 corripiantur,
580 2635 675 2708 atque
698 2624 792 2688 simul
813 2623 1008 2701 ostendatur,
1029 2634 1149 2707 quanto

137 2709 359 2810 praestabilior
381 2710 420 2773 sit
442 2708 606 2774 dialectica
627 2709 681 2774 illa
700 2710 793 2786 ratio,
816 2731 880 2792 qua
900 2731 974 2774 mox
998 2705 1149 2774 Socrates

136 2818 171 2858 m
201 2816 257 2861 suo
287 2816 430 2859 sermone
458 2795 567 2859 utitur.
609 2794 733 2859 Verum
758 2794 820 2859 hoc
842 2795 917 2857 dum
938 2795 982 2858 ita
1004 2793 1149 2870 dicimus,

138 2879 233 2942 etiam
261 2879 390 2942 tertium
420 2878 570 2961 quiddam
596 2879 812 2954 admonemur,
842 2878 928 2961 quod
949 2878 982 2940 in
1004 2877 1150 2965 legendis
1192 2876 1195 2887 '

138 2958 382 3044 iudicandisque
405 2962 599 3026 orationibus
623 2963 686 3026 illis
699 2962 876 3049 vdiligenter
897 2961 1069 3025 tenendum
1091 2972 1150 3024 est.

141 3044 253 3126 Quum
274 3046 358 3109 enim
373 3055 513 3109 oratores
526 3045 572 3108 illi
587 3067 696 3110 omnes
710 3056 879 3110 versentur
891 3045 924 3107 in
940 3044 1150 3109 describendo

138 3129 266 3216 vulgari
287 3151 401 3206 amore,
426 3126 586 3194 Socratico
600 3129 656 3208 illi,
679 3131 730 3194 vel
743 3129 850 3227 potius
868 3128 1045 3207 Platonico,
1068 3140 1150 3194 tam·

139 3238 236 3300 quam
265 3237 283 3279 e
309 3212 439 3300 regione
461 3213 622 3293 collocato,
652 3214 691 3279 iis
712 3223 809 3277 etiam
828 3215 873 3276 ita
900 3213 1026 3290 accidit,
1056 3215 1149 3280 utin
1245 3250 1248 3259 ·

139 3298 325 3365 disserendo
350 3298 402 3364 vel
424 3299 675 3384 argumentando
696 3297 911 3383 multipliciter
932 3299 1080 3363 vacillent
1100 3310 1150 3363 at-

139 3408 201 3470 que
223 3384 380 3449 labantur.
408 3382 624 3465 Quamobrem
644 3383 737 3448 Plato
765 3385 842 3449 scite
863 3394 1061 3468 venusteque
1081 3407 1150 3451 rem

140 3472 186 3536 sic
205 3469 354 3548 instituit,
377 3480 498 3534 utnon
520 3470 613 3535 modo
633 3466 769 3533 subinde
789 3469 867 3532 vitia
888 3469 928 3534 ab
950 3468 989 3533 iis
1011 3470 1151 3535 admissa

140 3567 299 3633 notentur,
317 3554 374 3619 sed
395 3553 490 3618 etiam
511 3554 592 3620 bene
612 3564 761 3638 recteque
782 3553 966 3639 disputandi
980 3565 1151 3654 praecepta

141 3641 239 3704 veluti
264 3663 322 3727 per
347 3639 547 3706 occasionem
566 3641 804 3704 interserantur.
843 3637 917 3720 Quo
939 3640 1069 3722 quidem
1091 3641 1151 3704 etsi

141 3726 284 3810 legentes
306 3748 372 3791 ⁴non
400 3726 493 3812 plene
520 3725 720 3874 perfecteque
753 3724 795 3789 ad
823 3734 924 3789 artem
953 3724 1151 3789 dialecticam

142 3808 369 3888 instituuntur,
385 3821 491 3876 tamen
510 3810 521 3874 i
543 3810 589 3873 ud
611 3822 696 3874 certe
719 3809 865 3887 efficitur,
888 3820 924 3874 ut
945 3820 1100 3892 quantum
1121 3807 1150 3870 ei

144 3891 429 3974 tribuendumzsit‚
464 3894 636 3960 identidem
664 3894 907 3971 admoneantur,
936 3915 999 3978 quo
1026 3891 1150 3956 facilius

143 3974 455 4047 deindeSocraticae
470 3980 620 4048 orationis
639 3981 862 4067 praestantiam
876 3978 1018 4044 iudicare
1032 3986 1150 4060 queant
