2604 4620
356 1191 856 1360 ruouuaouuui
911 1204 956 1218 ·“
1037 1314 1100 1327 4,,

559 1411 630 1478 AD

105 1662 108 1667 κ
215 1578 987 1710 SYMPOSIUM.

501 1833 770 1888 -·--·0

97 1993 317 2111 Symposium
331 2023 479 2090 Platonis
497 2023 681 2103 habendum
695 2045 765 2093 esse
779 2025 814 2090 in
828 2025 1109 2112 praestantissimis

82 2111 213 2176 'veteris
235 2109 433 2194 eloquentiae
454 2119 487 2174 et
507 2108 729 2197 philosophiae
755 2132 838 2210 quae
866 2114 1004 2175 aetatem
1025 2111 1109 2176 tule-

94 2205 171 2259 runt
190 2194 402 2260 monumentis
424 2217 489 2259 una
510 2205 560 2260 est
581 2205 614 2260 et
636 2205 837 2261 consentiens
858 2204 924 2261 'vox
946 2194 1110 2261 hominum
1212 2275 1215 2281 Ι

96 2280 391 2346 eruditissimorum.
423 2278 493 2345 Nec
514 2280 656 2366 profecto
677 2279 801 2346 iniuria.
834 2279 917 2344 Nam
945 2279 1012 2346 sive
1035 2303 1109 2367 spe-

96 2375 218 2430 ctamus
240 2364 390 2430 orationis
412 2364 604 2452 elegantiam
632 2387 671 2430 ac
699 2374 898 2430 venustatem
919 2364 959 2451 jn
980 2386 1018 2430 eo
1041 2364 1109 2431 eni·-
1138 2365 1141 2381 '

90 2460 224 2528 tentem,
246 2473 340 2516 nemo
363 2458 447 2515 certe
469 2449 538 2527 erit,
562 2449 640 2535 quin
655 2449 833 2537 :plurimum
847 2449 1021 2535 voluptatis
1035 2472 1115 2535 per·¹
1203 2476 1205 2483 ·

96 2535 195 2620 cipiat
208 2558 250 2600 ex
266 2534 428 2611 facilitate,
450 2534 688 2620 perspicuitate,
711 2534 901 2612 urbanitate,
924 2533 1110 2612 festivitate,

32 2647 36 2651 ·
95 2620 196 2686 ironia
217 2620 356 2704 denique
383 2620 447 2698 illa,
476 2636 558 2704 quae
584 2642 643 2706 per
671 2629 774 2685 totum
801 2619 1057 2706 librum-regnat
1076 2629 1111 2685 et

94 2728 152 2790 per
174 2728 285 2770 omnes
307 2705 376 2770 eius
398 2716 506 2790 partes
528 2704 575 2769 ita
596 2705 712 2770 diffi1sa
734 2715 793 2783 est,
815 2715 852 2770 ut
868 2705 903 2770 in
918 2727 1043 2770 summa
1056 2726 1109 2769 re-

94 2812 167 2853 rum
187 2790 341 2854 varietate
362 2789 443 2854 nihil
463 2790 515 2854 ine
539 2799 606 2855 tum
628 2789 679 2868 sit,
701 2789 789 2854 >nihil
810 2789 976 2875 frigidum,
1005 2788 1112 2853 omnia

96 2873 234 2936 habeant
256 2874 396 2937 nativam
416 2896 500 2956 quan
524 2897 573 2937 am
597 2873 723 2939 veneris
751 2884 845 2956 atque
873 2873 995 2960 gratiae
1022 2871 1110 2934 dele-

97 2956 281 3032 ctationem3
309 2956 377 3020 eive
399 2958 638 3022 consideramus
660 2980 767 3021 rerum
789 2957 823 3020 in
843 2979 883 3022 eo
906 2965 1112 3021 tractatarum

97 3040 269 3117 delectum,
305 3040 449 3104 ordinem
476 3052 569 3123 atque
597 3042 842 3126 expositionem,
876 3039 955 3124 quid
982 3039 1116 3126 tandem,

97 3124 226 3190 suavius
241 3134 297 3202 eut
315 3125 486 3190 iucundius
500 3125 587 3225 fingi·
617 3135 699 3191 otest
736 3124 1112 3209 ersonarumcolloquen·
1208 3173 1212 3186 .

96 3211 177 3276 tium
198 3208 395 3293 actionisque
410 3211 563 3275 varietate
613 3233 685 3274 aac
735 3233 750 3274 s
774 3209 918 3288 ositione,
940 3224 1021 3295 quae
1037 3220 1110 3274 tan-

96 3308 161 3360 tam
181 3296 216 3359 in
236 3295 297 3360 hoe
318 3294 400 3360 libro
420 3295 517 3361 habet
530 3295 848 3373 verisimilitudinem,
871 3304 908 3360 ut
927 3317 992 3359 non
1008 3295 1111 3361 solum

95 3380 291 3466 loquentium
313 3379 443 3468 ingenia
465 3391 498 3445 et
518 3403 624 3446 mores
645 3382 686 3446 ad
706 3380 810 3468 ipsam
839 3380 922 3445 vitae
944 3379 1110 3446 veritatem

96 3467 239 3552 expressi
260 3465 440 3544 videantur,
465 3467 521 3531 sed
544 3466 640 3543 etiam
661 3489 708 3544 ea,
738 3487 821 3550 quae
844 3466 992 3530 dicuntur
1014 3475 1110 3550 atque

96 3562 245 3637 aguntur,
267 3562 332 3615 tam
354 3553 402 3617 ele
427 3551 493 3616 anti
515 3551 634 3617 iudicio
656 3551 740 3615 inter
762 3573 796 3616 se
817 3574 901 3615 nexa
917 3550 981 3616 sint
1001 3559 1034 3614 et
1055 3568 1110 3614 co-

96 3637 216 3719 pulata,
243 3647 280 3701 ut
304 3637 390 3701 inter
403 3574 587 3724 degendum
614 3635 673 3700 tibi
699 3635 845 3702 videaris.
867 3635 988 3701 comico
1017 3632 1111 3696 alicui

97 3720 232 3785 dramati
253 3721 428 3788 interesse?
450 3722 518 3787 sive
541 3720 677 3806 denique
694 3721 886 3808 argumenti,
909 3721 949 3784 de
964 3740 1027 3800 quo
1042 3717 1109 3779 dis-

99 3804 223 3882 seritur,
251 3808 440 3892 gravitatem
467 3817 563 3891 atque
591 3806 781 3892 dignitatem
806 3804 1008 3890 respicimus,
1037 3799 1110 3883 quis

98 3898 157 3966 ost,
187 3888 265 3972 quin
287 3915 356 3962 eam
377 3891 550 3957 maximam
578 3914 648 3958 esse
670 3893 823 3967 fateatur,
852 3883 1110 3972 quandoquidem

99 3973 281 4059 disputatur
308 3976 347 4040 de
374 4001 480 4042 amore
507 3987 604 4063 atque
631 3978 757 4064 pulcro,
789 3974 840 4042 cui
863 3971 1029 4036 Platonem
1051 3969 1109 4033 do-

132 4064 197 4114 Plat.
211 4063 276 4128 Opp.
295 4065 354 4116 Vol.
367 4065 388 4115 1.
406 4066 471 4119 Sect.
484 4067 532 4116 111.
890 4058 907 4093 '⁸'

1117 4367 1121 4374 ι
