2604 4620
347 260 348 265 κ
377 230 591 295 urrunnu.
614 251 644 310 p.
668 231 720 290 οο.
745 229 790 288 st.
963 322 966 326 .
1045 226 1086 286 st

69 411 127 476 καὶ
162 400 303 474 εἰδώλων
339 403 565 470 παντοδαπῶν
605 404 660 465 καὶ
692 403 859 492 ιγλοαρίας
890 400 1089 483 ἐμπίπλησιν

70 507 160 595 ἡμᾶς
186 507 330 585 πολλῆς,
362 501 458 580 diets,
492 497 530 566 τὸ
566 497 762 584 λεγόμενον,
795 499 838 578 ὡς
871 495 1014 578 ἀληθῶς
1042 501 1087 582 τῷ

71 606 144 677 ὃντι
176 603 234 673 ὑπ’
274 604 380 672 αὐτοῦ
416 601 491 669 οὐδὲ
526 603 693 691 φρονῆσαι
718 599 797 685 ἡμῖν
821 604 1003 683 ἐγγίγνεται
1029 597 1087 666 οὐ·

73 712 189 776 δίποτο
235 703 341 773 οὐδέν.
378 705 433 770 καὶ
478 697 542 787 γὰρ
579 705 742 784 πολέμους
777 704 831 766 καὶ
867 697 995 776 στιίσεις
1030 702 1087 767 καὶ

73 808 183 895 μάχας
210 802 307 873 οὐδὲν
333 800 416 870 ίίλλο
436 806 568 886 παρέχει
595 796 613 880 ἢ
640 797 678 866 τὸ
707 805 799 886 σῶμα
822 803 877 865 καὶ
902 805 937 865 αἱ
963 798 1086 868 τούτου

73 906 263 992 ὲπίθυμίαι.
303 903 357 970 διίι
394 899 457 989 γὰρ
483 898 543 982 τὴν
569 903 635 966 τῶν
657 900 838 986 χρημάτων
863 901 976 978 κτῆσιν
1001 898 1087 966 ποίν-

74 1033 129 1085 τες
153 1013 185 1075 οἱ
209 1003 343 1092 πόλεμοι
369 1002 448 1088 ἡμῖν
473 1006 653 1087 γίγνονται,
681 999 722 1066 τὰ
749 1004 782 1067 δὲ
805 998 962 1087 χρήματα
980 998 1086 1087 οίναγ·

74 1105 247 1194 καζόμεδα
291 1109 443 1173 κτᾶσθαι
485 1097 613 1170 διὰτὸ
649 1103 761 1189 σῶμα,
804 1097 1014 1179 δουλεύσαντες
1045 1104 1141 1194 τῇῐ)
1233 1122 1245 1135 ’

142 1336 172 1388 C.
208 1332 336 1400 ίρώτοι
360 1333 392 1382 δὲ
417 1333 474 1382 καὶ
496 1333 554 1398 im]
584 1333 614 1385 V.
639 1349 680 1393 τι,
707 1329 777 1395 quod
801 1346 815 1380 e
840 1329 918 1380 Bodi.
937 1328 1003 1379 Tub.
1023 1329 1084 1382 unt.

74 1404 138 1458 ven.
156 1404 193 1454 11.
213 1403 288 1454 vind.
308 1407 363 1453 Par.
382 1401 416 1451 G,
437 1402 523 1460 Ambr.
543 1407 697 1451 correctum.

143 1470 219 1536 ἡμῖν
241 1469 438 1536 γίγνονται]
457 1467 637 1537 ἤμΐνοΒοάΙ
665 1468 723 1519 vat.
744 1468 807 1521 Ven.
826 1468 862 1522 Π.
883 1465 948 1519 Vind
979 1468 1010 1520 Φ.
1030 1470 1087 1518 Pur.

73 1540 107 1592 G.
126 1541 247 1592 umbros.
266 1541 422 1590 restitutum.

70 1711 122 1760 rit:
152 1704 217 1770 μετὰ
246 1705 371 1756 τούτου
389 1712 445 1756 -τοῦ
467 1705 559 1769 λόγον,

645 1707 673 1754 C.
722 1704 772 1751 καὶ
808 1705 968 1771 φλυαρίας
1003 1706 1086 1772 ipen]

24 1778 27 1783 ’
72 1771 561 1839 quoscilicetrocuiuhsberet,uude
611 1772 646 1820 H.
672 1788 694 1820 ο.
725 1770 866 1834 «tetrique
890 1773 1017 1824 οιααίπο
1036 1791 1089 1823 nu-

73 1854 208 1904 suspensa
219 1845 310 1903 posset
322 1841 413 1904 putari.
434 1843 467 1888 At
480 1838 562 1886 enim-

613 1838 663 1899 gis
683 1842 714 1886 et
733 1838 835 1886 rebus
859 1838 1036 1903 sutilibus,
1056 1841 1089 1890 de

72 1923 200 1962 veronus
214 1906 320 1970 quidem
337 1909 358 1956 si
373 1907 434 1973 quid
449 1906 563 1956 iudicare
615 1920 667 1967 qua
707 1905 807 1953 ratione
828 1923 831 1938 ·
852 1904 954 1954 dicendi
995 1923 1019 1958 v.
1057 1908 1090 1956 ad

77 1990 232 2044 possumus,
252 1972 296 2024 δ’τι
311 1975 494 2027 declarativum
514 1979 562 2035 est,

76 2045 223 2107 indicatque
253 2045 396 2106 rationem,
432 2059 481 2106 qua
509 2043 563 2103 fiat,

615 1973 695 2035 Gorg.
720 1989 744 2036 p.
769 1971 827 2023 190.
852 1973 884 2022 Ε.
910 1972 978 2028 nien.
1003 1990 1028 2039 p.
1047 1974 1090 2027 81.

615 2042 643 2092 C.
668 2041 809 2090 Praeterea
821 2040 909 2090 audias
922 2040 945 2088 0
954 2043 959 2089 Ι
964 2059 980 2105 y
989 2059 1011 2092 m
1021 2045 1048 2107 pi
1060 2060 1091 2093 ο-

77 2121 106 2164 ut
132 2114 167 2163 ita
186 2128 200 2161 a
219 2111 376 2176 philosophis
402 2112 562 2161 existimetur
612 2108 736 2158 dorum:
757 2109 883 2175 φλυαρίαν
901 2109 1091 2160 καλιῖδίλλά.

79 2198 111 2235 uc
133 2186 274 2238 statuatur,
299 2181 354 2230 sive
381 2178 441 2241 ittud
466 2177 559 2240 quod,

80 2250 133 2300 sive
151 2254 326 2313 quatenus,
347 2249 400 2297 sire
419 2247 494 2297 simili
513 2246 558 2297 aii-

80 2333 131 2381 quo
151 2315 447 2380 modointerpretemur.
478 2314 558 2367 (λιιοδ

80 2385 122 2435 ubi
146 2385 332 2446 sumserimus,
357 2400 389 2434 ne
412 2400 478 2449 opus
502 2383 559 2447 qui-

81 2454 141 2504 dem
158 2453 221 2515 erit,
244 2461 272 2502 ut
294 2453 328 2502 ad
347 2454 449 2516 synesin
468 2452 530 2502 coni
547 2479 559 2488 -

79 2522 196 2586 gimnus,
225 2523 340 2584 quatem¹
360 2535 441 2586 nuper
471 2520 560 2569 statuit

80 2589 110 2640 G.
128 2589 178 2640 Fr.
197 2588 413 2639 Hermannus
440 2589 464 2638 in
482 2589 558 2638 libro:

79 2655 284 2721 Abhnndiungen
313 2673 339 2708 n.
367 2657 490 2722 Beitrige
514 2671 560 2706 zur

80 2727 159 2776 kiass.
178 2724 322 2775 Litteratur
347 2740 373 2789 p.
391 2725 433 2777 71.
470 2725 560 2788 Neque

79 2792 270 2844 assentiendum
300 2793 472 2859 Stephano
510 2799 559 2855 est,

79 2861 122 2926 qui
139 2863 224 2915 iocum
239 2861 277 2911 sic
293 2861 489 2926 interpretatum
510 2861 560 2912 Vi-

49 2930 261 2981 .deturu0s
278 2930 334 2980 vis
354 2932 560 2994 quasiqune-

79 2997 150 3047 dam
192 2997 224 3046 in
263 2995 322 3046 huc
360 3001 561 3061 quaestione

81 3064 247 3114 adducere
279 3080 330 3126 eo,
365 3073 401 3116 ut
430 3073 560 3118 statua-

82 3145 172 3191 mus,
202 3144 376 3192 numquam
405 3133 487 3196 ture,
518 3141 561 3196 ut,

81 3196 242 3263 quamdin
260 3197 448 3255 animusetu.
467 3203 505 3254 De
520 3202 564 3252 δτι

81 3267 169 3333 positu
193 3263 379 3331 διηγηματικῶς
408 3285 434 3318 v.
461 3271 563 3323 Deva-

81 3337 152 3386 rius
176 3334 215 3384 De
240 3326 465 3389 Particutis'Vol.
495 3341 516 3391 1.
539 3357 563 3405 p.

82 3403 133 3456 158
151 3417 207 3467 sqq.
228 3402 368 3457 eduum.
406 3406 502 3458 Verum
522 3424 564 3457 sa-

79 3474 115 3525 tis
133 3471 196 3522 mec
215 3470 326 3523 deloco
345 3475 489 3525 subdifficiti
508 3477 565 3539 qni-

79 3541 156 3602 dem,
178 3555 227 3590 nee
244 3546 341 3592 tamen·
353 3543 421 3592 sdes
439 3543 564 3606 impedito

80 3616 110 3660 et
126 3608 253 3668 obscuro,
273 3615 372 3660 utnon
392 3611 507 3674 potuerit
526 3611 565 3659 in-

79 3677 274 3742 terpretationis
290 3680 348 3728 luce
360 3678 429 3728 omui
442 3693 473 3727 ex
492 3684 565 3743 parte

79 3746 233 3796 collustrari.
269 3746 336 3797 Num
355 3746 426 3811 quod
444 3764 485 3795 τοι
505 3753 565 3811 post

79 3813 236 3865 Κιιδνιιιίει
254 3815 436 3881 interpositum
457 3822 513 3877 est,
538 3815 564 3864 id

78 3897 132 3947 quo
145 3897 223 3932 seusu
235 3883 414 3948 acoipiendum
431 3883 474 3946 sit,
488 3898 565 3933 nemo

79 3950 256 4013 dubitauerit,
280 3967 304 4001 v.
324 3968 401 4018 supra
421 3953 453 4002 sd
479 3969 504 4019 p.
525 3949 566 4004 63.

78 4021 112 4071 Α.
139 4025 166 4070 et
189 4019 273 4086 Gorg.
301 4036 326 4086 p.
357 4020 417 4072 tuu.
445 4020 474 4073 Β.
506 4018 599 4104 4583*

83 4087 167 4150 um.

611 2196 660 2225 τιον
679 2182 730 2226 πᾶν
748 2178 778 2226 τὰ
799 2176 939 2240 περιττόν,
958 2197 987 2228 ου
1008 2179 1091 2245 μόνον

610 2247 636 2294 ἓν
660 2244 764 2309 λόγοις,
791 2243 855 2294 ἆλλὰ
881 2246 923 2293 καὶ
950 2250 975 2296 tu
997 2252 1088 2314 ίργοις.

610 2313 677 2363 coni.
696 2314 817 2378 Sympus.
837 2332 862 2379 p.
880 2313 939 2366 211.
960 2316 990 2368 Ε.

645 2449 680 2498 τὰ
708 2449 905 2517 λεγόμενοι]
935 2459 969 2502 ut
995 2453 1091 2504 dicti-

612 2520 676 2579 tari
712 2523 809 2571 solet.
858 2521 986 2571 Videntur
1013 2523 1092 2573 rerba

611 2585 663 2635 ὑπό
685 2605 753 2644 τινος
779 2587 842 2638 οὐδὲ
864 2595 993 2655 φρονῆσαι
1012 2590 1091 2639 δύνα-

611 2659 679 2703 σθαι
707 2658 836 2721 prmerbii
863 2673 938 2708 usum
962 2658 1091 2722 habuisse,

611 2724 684 2773 cuius
711 2732 798 2776 tanuen
821 2727 858 2775 rei
892 2730 1009 2793 exempta
1040 2742 1091 2777 non

610 2792 635 2841 in
672 2801 774 2855 promtu
805 2794 936 2847 habemus.
984 2797 1091 2859 Optime

612 2865 698 2909 nutem
728 2863 878 2913 observarit
904 2864 1091 2927 Wyttenbs·

613 2927 721 2990 chius,
757 2931 828 2994 quod
864 2933 940 2996 vulgo
979 2930 1092 2982 nondum

613 2997 678 3045 satis
710 3000 841 3061 cognitum
868 3006 924 3061 est,
953 3001 1039 3048 solere
1061 2997 1094 3056 ὡς

613 3063 717 3126 ἀληθῶς
742 3073 768 3114 et
792 3067 854 3116 item
879 3071 914 3131 τῷ
932 3065 990 3114 ὄντι
1008 3065 1094 3114 citatis

615 3133 678 3182 iocis
697 3139 773 3196 atque
797 3135 930 3183 sententiis
949 3133 1016 3184 addi.
1040 3132 1094 3182 Lu·

616 3199 682 3250 citet.
702 3216 727 3264 p.
749 3200 804 3254 tut.
824 3202 855 3251 D.
880 3200 943 3250 κατὰ
968 3201 1016 3264 τὴν
1042 3218 1094 3252 πιτ-

616 3270 721 3339 (ιοιγιὶίαν
739 3268 790 3335 ἄρα
810 3276 844 3337 τῷ
863 3270 919 3320 ὄντι
933 3269 979 3319 otiu
992 3269 1024 3319 ὃν
1044 3274 1094 3319 πᾶ-

616 3356 648 3386 οα
667 3341 699 3392 δς
717 3342 789 3404 γνοίη
808 3338 866 3389 οὐδ’
887 3338 919 3388 sis
931 3338 1034 3406 ἀνδρεία
1052 3342 1093 3404 γί-

616 3424 697 3458 νοιτο.
732 3408 876 3474 Xenoph.
902 3409 1023 3473 Sympos.
1047 3409 1093 3460 lv.

615 3473 642 3526 8.
667 3474 737 3534 ὄψον
760 3480 806 3539 μίν
828 3474 877 3543 γὰρ
897 3476 926 3539 δὴ
947 3480 1027 3535 ὄντας
1045 3480 1095 3526 lut-

615 3561 656 3591 ιιιν
673 3543 739 3592 εἶναι
756 3544 786 3592 τι)
806 3544 929 3610 κρόμυον,
953 3547 995 3596 ubi
1014 3548 1093 3610 uulgo

616 3608 700 3666 οδιας
723 3613 848 3663 scribitur.
891 3614 951 3663 Ηοο
978 3616 1035 3664 Ιοοο
1060 3612 1095 3672 ὡς

615 3677 722 3742 ἀληθῶς
749 3687 775 3730 et
799 3687 834 3748 τῷ
861 3682 918 3730 ὄντι
936 3684 1049 3746 positum
1068 3684 1095 3732 Ιιι

615 3746 802 3814 παραλλήλου,
825 3755 854 3799 ut
872 3749 937 3799 inire
976 3791 981 3802 .
1000 3750 1041 3803 69.
1060 3751 1093 3799 B·

615 3815 645 3863 τὸ
667 3814 691 3865 δ’
710 3816 809 3881 ἆληθίς
824 3823 860 3886 τῷ
878 3817 937 3866 ὄντι
955 3766 972 3882 δ
989 3817 1095 3879 κάθαρ-

616 3885 655 3937 σίς
692 3901 739 3940 τις.
776 3885 882 3938 Lseiret.
917 3902 944 3952 p.
977 3884 1034 3938 183.
1062 3883 1095 3934 D·

617 3951 682 4001 Cum
714 3953 839 4017 proximis
871 3953 939 4004 οοιιί.
969 3953 1096 4002 'rimasse

618 4035 643 4084 p.
658 4018 711 4142 ¹432.
737 4027 765 4072 et
781 4016 824 4075 uu:
847 4022 963 4072 Cicero
982 4019 1021 4069 D·
1038 4016 1097 4076 Fit.

789 4188 842 4251 ⁴*
