2604 4620
171 232 215 295 so
249 188 257 196 ’
446 292 450 299 ,
538 202 787 289 rotronis

172 395 461 495 ὑαεραοοθανοῖν,Ι
487 398 573 468 ἀλλὰ
600 403 655 468 καὶ
680 403 917 467 taabodenah»
929 396 1195 481 πεπλουτηκότα

173 506 262 575 ὅθεν
298 502 339 586 δὴ
374 507 429 571 καὶ
461 499 754 588 ὑπεραγασθέντες
787 503 926 568 οἱ“θόοὶ
959 499 1196 593 διαφερόντως

49 661 55 681 ,,
85 674 91 699 1
175 603 281 674 αὐτὸν
306 610 479 691 ἐτίμησαν,
506 600 559 670 ὅτι
585 600 646 670 τὸν
671 597 815 687 ἐραστὴν
838 598 925 669 οὕτω
952 605 1039 688 περὶ,
1056 604 1193 670 πολλοῦ

176 717 329 801 tuoceiso.
382 703 550 791 Αἰσχύλος
573 708 607 772 δὲ
626 708 767 795 ulmei
784 701 923 796 φάσκων
943 701 1097 789 Ἀχιλλέα
1115 707 1194 770 Πα-

1 808 60 900 ”ἕ“ζ“
75 844 80 898 3
176 804 316 894 τρόκλον
341 809 439 895 ἐρᾶν,
476 802 513 884 ὃς
537 794 580 886 ἦν
604 808 746 872 καλλίων
772 803 812 872 οὐ
837 802 946 890 μόνον
971 804 1193 891 Πατρόκλου,

17 888 47 947 ²5¹·
100 900 132 911 “⁸
176 907 263 975 ἀλλὰ
299 911 354 976 καὶ
390 910 458 974 τῶν
489 903 608 993 ἡρώων
640 902 819 986 ἁπάντων,
862 909 918 972 καὶ
949 908 998 972 irs
1029 904 1194 988 ἀγένειος,

105 1056 108 1061 ν
177 1013 290 1077 ἔπειτα
315 1006 472 1095 νεώτερος
498 1005 603 1088 πολύ,
628 1002 673 1085 ὥς
697 1029 800 1099 φησιν
817 1002 973 1093 Ὅμηρος.
1007 1003 1103 1073 ἀλλὰ
1126 1005 1193 1096 γὰρ

178 1113 224 1195 τῷ
252 1106 324 1177 ὄντι
348 1108 492 1198 μάλιστα
517 1111 577 1193 μὲν
597 1105 730 1190 ,ταύτην
754 1104 816 1189 τὴν
831 1103 953 1196 ἀρετὴν
980 1111 1012 1174 oi
1038 1111 1126 1176 θεοὶ
1146 1135 1192 1176 τι·

123 1221 147 1279 Β
177 1215 261 1298 μῶσι
292 1207 357 1291 τὴν
389 1215 462 1296 περὶ
494 1206 555 1276 τὸν
587 1213 711 1295 ἔρωτα,
744 1211 874 1294 μᾶλλον
902 1216 1012 1295 μέντοι
1048 1207 1192 1296 θαυμά-

179 1315 271 1394 ζουσι
293 1315 350 1379 καὶ
375 1306 523 1396 ἄγανται
557 1314 613 1377 καὶ
639 1299 674 1376 οὗ
702 1312 872 1387 ποιοῦσιν,
912 1306 997 1377 ὅταν
1023 1304 1043 1377 ὁ
1069 1309 1192 1397 ἐρώμε-

178 1438 237 1492 νος
261 1408 321 1480 τὸν
346 1407 489 1500 ἐραστὴν
513 1409 633 1498 ἀγαπᾷ
651 1406 669 1494 ἢ
687 1407 772 1478 ὅταν
788 1406 808 1478 ὁ
826 1405 963 1502 ἐραστὴς
978 1403 1019 1476 τὰ
1037 1407 1191 1480 παιδικά.

246 1678 279 1728 Ρ.
304 1675 362 1731 180.
404 1673 482 1726 ἀλλὰ
512 1677 571 1727 καὶ
593 1680 653 1726 τῶν
677 1673 786 1743 ἡρώων
807 1674 971 1742 ἁπάντων]
995 1676 1028 1728 V·
1052 1675 1113 1728 ἀλλ’
1138 1677 1191 1746 ἄρα

180 1749 225 1797 καὶ
242 1768 276 1810 e,
295 1745 364 1811 quod
383 1761 397 1796 e
415 1744 491 1796 Bodl.
514 1745 571 1796 Vat.
592 1743 623 1796 Δ.
642 1745 706 1798 Ven.
724 1749 751 1797 Ξ.
771 1746 845 1797 Vind.
864 1744 889 1798 2.
907 1748 969 1799 Par.
989 1745 1054 1800 ΒΚ.
1072 1749 1138 1813 Ange
1161 1765 1190 1799 n.

182 1817 238 1868 Vat.
258 1832 282 1882 p.
300 1821 438 1866 motatum.
474 1814 539 1865 Cod.
561 1815 675 1867 Darmst.
696 1816 800 1880 Oreum,
825 1817 897 1868 cuius
917 1821 1041 1882 excerpta
1058 1814 1097 1867 bic
1118 1815 1190 1868 desi·

181 1892 260 1946 nuni,
279 1883 345 1935 πολὺ
365 1880 559 1951 postridieque
578 1899 630 1934 om.

251 1953 282 2004 B.
317 1949 407 2004 Orien
426 1951 462 2015 δὴ
481 1954 579 2018 iyoye
598 1954 646 2019 φ.]
665 1952 710 2002 Sic
727 1947 807 2007 codd.v
821 1950 876 2002 iere
894 1966 985 2003 omnes
1005 1956 1106 2019 praeter
1123 1951 1184 2003 Par.

181 2021 239 2074 EF.
259 2031 325 2089 ang.
344 2035 369 2070 u.
388 2014 447 2072 Vat.
464 2037 486 2072 s.
520 2021 670 2088 Legebatur
688 2017 757 2072 odeo
776 2017 807 2083 dr}
828 2020 871 2069 aet
889 2023 964 2086 lyoys
983 2039 1012 2088 p.

216 2193 248 2243 Ρ.
267 2191 324 2244 180.
347 2187 519 2254 Αἰσχύλος
536 2190 566 2240 δὲ
583 2191 659 2256 pio·
710 2190 833 2243 Achillem
853 2191 968 2244 fecerant
980 2195 1124 2243 amatorem
1134 2188 1188 2241 Pa-

182 2268 256 2329 αρεῖ
277 2286 311 2300 ·-
335 2259 373 2319 ὥς
397 2277 491 2325 φησιν
506 2257 658 2327 Ὅμηρος]
710 2262 800 2324 tronti,
823 2261 990 2314 vehementer
1007 2258 1189 2326 reprehendat.

183 2331 258 2383 llaec
281 2331 374 2394 verbs,
403 2329 436 2383 de
464 2331 555 2396 quibus
585 2330 660 2382 etiam
710 2331 795 2383 Quum
815 2336 899 2382 autem
919 2332 977 2395 illa,
1002 2345 1079 2397 quarn
1097 2335 1192 2395 poetae

183 2400 344 2453 Politian.
383 2400 463 2450 Obss.
500 2400 521 2452 1.
557 2397 600 2453 45.
634 2403 660 2448 ct
710 2400 799 2464 tragici
832 2401 1021 2465 celebrassent,
1061 2397 1191 2450 sententis

183 2469 287 2521 Buble
311 2471 344 2521 ad
369 2469 447 2519 Arist.
471 2469 580 2520 Rhetor.
600 2465 658 2521 913.
709 2471 735 2519 in
761 2471 858 2535 populo
881 2471 929 2521 illis
956 2469 1121 2536 temporibus
1149 2482 1192 2518 rc·

184 2539 360 2604 disputarunt,
396 2539 592 2590 Valckenar.
627 2536 660 2586 ad
710 2552 790 2603 gnare
802 2539 941 2602 coepisset,
957 2538 1133 2590 necessario
1144 2533 1192 2586 boc

184 2608 271 2672 Eurip.
291 2608 394 2670 Frugm.
414 2606 532 2672 p.13.et
549 2608 581 2659 ad
600 2607 660 2657 Cal·
711 2607 913 2659 additamentum
949 2607 1070 2658 lecdro
1113 2605 1191 2656 videri

186 2675 284 2726 lintach.
306 2676 410 2739 Frapm.
430 2693 454 2741 p.
473 2675 531 2730 218.
550 2678 581 2727 ab
600 2676 662 2726 alie·
712 2675 810 2737 debuit,
829 2692 880 2741 quo
898 2678 1026 2728 insolitam
1046 2676 1081 2726 de
1095 2675 1191 2726 Patro-

185 2760 217 2794 nn
248 2761 324 2795 manu
353 2745 503 2809 interposita
533 2745 661 2805 iudicavit,
712 2746 753 2795 clo
773 2742 876 2796 Achillis
902 2752 1017 2798 amatore
1035 2745 1190 2795 sententiam

183 2814 258 2878 eique
282 2815 456 2865 assentiuntur
479 2813 618 2865 Wollius
636 2819 663 2864 et
712 2813 877 2864 audientibus
905 2815 1099 2880 comprobaret.
1141 2816 1190 2862 do·

182 2882 233 2934 alii.
269 2882 323 2934 Sed
349 2889 530 2934 racemorum
549 2883 662 2948 patrocl-
711 2882 782 2933 cedit
805 2883 888 2948 quod,
912 2882 950 2933 bis
972 2884 1058 2935 verbis
1077 2881 1191 2941 omissis,
1221 2876 1228 2897 ⁸

182 2953 254 3002 nium
292 2958 463 3018 susceperunt
500 2952 662 3002 Bestius
712 2951 803 3002 deinde
826 2967 876 3002 non
899 2951 963 3002 ἀλλὰ
986 2951 1052 3019 γὰρ,
1078 2951 1127 3002 scd
1150 2948 1192 2999 sat

183 3021 372 3087 specimcrit.
392 3038 416 3087 p.
440 3019 496 3073 108.
516 3019 662 3086 Hcynius
709 3019 759 3087 γὰρ
791 3021 840 3071 dici
870 3021 966 3072 debuit.
1008 3021 1133 3071 Ceterum
1159 3018 1191 3068 de

89 3092 92 3101 '
182 3092 216 3140 ad
235 3091 314 3143 Hom.
327 3091 354 3141 ΙΙ.
367 3089 410 3141 ΧΙ.
432 3105 456 3138 v.
470 3089 528 3144 786.
548 3092 662 3140 Aetius
710 3105 799 3140 amore
819 3090 924 3142 dclrillis
948 3096 974 3140 et
991 3090 1111 3141 Patrocli
1135 3091 1190 3139 lau-

182 3159 214 3210 ud
234 3159 258 3214 tn
276 3162 292 3210 Ι.
318 3158 461 3211 Boeclrlr.
488 3159 528 3210 De
549 3160 661 3210 simul·
711 3157 974 3210 danthbricinm
993 3157 1192 3210 adstent-Enr-

183 3233 252 3278 tate
271 3235 320 3279 etc.
340 3244 364 3293 p.
384 3229 423 3280 17Ι
445 3233 471 3278 et
489 3242 569 3295 nuper
587 3229 662 3285 etiarn
711 3228 759 3292 pir.
777 3227 901 3292 Pyrrhon.
923 3228 1021 3293 Hypot.
1041 3227 1086 3278 lll.
1103 3225 1145 3278 24.
1163 3232 1191 3274 et

183 3295 519 3358 Schleiermaclrerus‚
538 3297 579 3363 qui
600 3298 660 3347 olim
710 3296 789 3361 intpp.
813 3296 845 3346 ad
870 3297 976 3347 Lucian.
1004 3296 1078 3346 Erot.
1101 3294 1121 3359 §.
1145 3291 1188 3346 54.

183 3380 215 3414 ea
231 3365 458 3416 condemnaverat·
495 3366 581 3418 Quom
592 3365 660 3416 enim
710 3379 741 3413 ac
759 3364 793 3414 de
812 3364 915 3416 Achillis
940 3364 1103 3416 formositate
1118 3361 1191 3414 llisd.

183 3431 317 3483 Phaedrus
335 3434 444 3485 Homeri
462 3435 573 3486 maxime
591 3439 662 3485 esset
710 3432 743 3483 ll.
768 3432 827 3488 673.
846 3434 983 3485 Dorvill.
1007 3433 1040 3484 ad
1060 3430 1190 3484 Chariton.

183 3500 330 3562 studiosus,
354 3503 380 3552 id
404 3502 473 3568 quod
499 3519 532 3554 ex
556 3503 660 3568 dialogo
711 3518 735 3567 p.
756 3503 797 3555 15.

183 3570 241 3619 eius
258 3570 361 3620 nomine
387 3572 510 3636 inscripto
528 3573 661 3635 novimus3
746 3570 778 3621 B.
814 3567 1094 3633 τῆςἈλκιίστιδος
1115 3568 1193 3634 pait-

184 3639 289 3704 egregie
308 3654 365 3688 eum
381 3639 458 3690 Plato
476 3639 537 3690 iacit
554 3641 590 3690 ita
608 3640 662 3691 dis·
712 3640 784 3703 λον]
825 3640 890 3691 Nam
934 3639 1043 3690 Alcestin
1083 3643 1193 3704 propter

183 3714 333 3773 putantem,
362 3714 391 3758 ut
417 3714 515 3774 patrem
540 3725 662 3774 poeseos,
712 3724 842 3772 amorem,
872 3724 923 3773 quo
947 3710 976 3759 in
1001 3707 1123 3759 maritum
1146 3708 1193 3758 lla-

133 3812 139 3828 .
182 3777 227 3841 qui
256 3777 403 3828 Patroclum
439 3784 499 3826 natu
537 3779 661 3830 maiorem
712 3779 819 3842 grabai,
856 3785 965 3828 mortem
997 3778 1066 3828 ultro
1095 3776 1192 3829 subiit:

183 3846 255 3897 tinxit
278 3845 363 3911 (lliad.
387 3845 431 3897 xb
451 3847 526 3911 787.)
550 3847 662 3911 ideoque
713 3846 823 3897 Achilles
842 3852 928 3896 nutem
942 3853 1050 3912 propter
1067 3860 1192 3908 amorem,

183 3930 243 3966 cum
262 3931 309 3980 pro
327 3914 429 3966 Achillis
447 3924 563 3967 amstore
581 3916 660 3967 babu·
711 3931 765 3978 quo
784 3915 920 3965 Patroclus
938 3930 996 3966 cum
1015 3914 1193 3978 amplecteba-

184 3984 237 4034 isse
255 3985 336 4035 videri
355 3985 451 4048 potuit,
469 3986 568 4050 magnis
581 3984 662 4035 laudi·
711 3989 806 4034 tur-
825 3989 880 4034 erat
898 3984 964 4034 enim
983 3982 996 4034 ὁ
1016 3981 1153 4050 ἐρώμενος,
1171 3999 1193 4034 s.

184 4051 233 4101 bus
251 4059 333 4117 ornet,
353 4052 507 4122 Aeschylum
518 4060 605 4105 autem
617 4067 661 4102 ce·
712 4052 825 4102 amasius
864 4051 986 4104 Patrocli
1012 4068 1045 4104 ex
1079 4046 1194 4103 Pbaedrl

185 4125 307 4185 torosque
338 4128 431 4186 poetas
459 4124 586 4187 tragicos,
616 4121 661 4184 qui
712 4120 840 4172 sententia
860 4145 894 4160 -
922 4121 999 4174 morti
1030 4136 1059 4173 so
1087 4121 1191 4173 obtolit
