2604 4620
415 261 628 324 Pilumno,
653 285 680 342 p.
705 261 755 321 6².
780 259 824 323 si.

1087 265 1130 322 nu

112 431 154 501 du
182 435 264 556 idpe
277 432 602 518 ἁμανακτοῦνταμέ
563 435 725 515 μέλλοντα
758 432 1091 512 ἀποθανεῖσθαι,
1075 462 1127 502 οτι

111 534 172 601 οὐκ
209 534 286 621 ἄρ·
305 524 348 615 ἦν
379 529 583 622 φιλόσοφος,
623 530 710 597 diia'
746 559 794 609 τις
820 531 1126 622 ᾳιλοσωματοςςὸ

112 632 215 713 αὐτὸς
241 639 274 700 δὲ
302 656 367 699 που
396 623 496 707 οὗτος
528 630 677 748 rquoivar
711 629 756 696 du
789 638 842 698 καὶ
876 633 1031 757 ‹prlopprjp
1032 660 1126 712 ιατος
1156 635 1179 693 C

110 739 164 800 καὶ
193 734 388 826 φιλότιμος,
427 726 500 811 ipsos
534 727 576 796 roi
604 739 698 818 ἕτερα
726 729 852 797 τούτων
878 730 897 812 ἢ
925 740 980 801 καὶ
1005 734 1125 823 ἀμφό-

111 860 201 920 τερα.
254 829 357 899 Ποῖνυ
384 829 432 909 γ’,
459 835 541 918 ἔφη,

578 835 639 915 ἔχει
667 827 788 907 οὕτως,
825 830 867 907 ὡς
895 837 1001 915 λέγεις.
1045 829 1118 920 'Ap’

113 925 190 1012 οὖν,
217 940 289 1024 ἔφη,
315 921 338 994 ὦ
367 933 513 1017 Σιμμία,
543 930 581 998 οὐ
608 934 661 996 καὶ
690 929 708 1011 ἡ
737 930 965 1018 ὀνομαζομένη
988 933 1122 1024 ἀνδρεία

179 1161 403 1229 ὀνομαζομένη
428 1159 577 1228 ἀνδρεία]
609 1163 669 1214 l'etl.
694 1162 752 1214 ΛΞ,
780 1164 839 1215 Pur.
865 1163 944 1213 Clll.
965 1162 1033 1213 Flor.
1055 1179 1077 1215 a.
1097 1179 1118 1213 c.

112 1248 133 1280 c.
153 1232 177 1280 d.
198 1233 213 1280 i.
234 1247 265 1281 m.
285 1233 346 1280 Zitt.
367 1245 423 1279 cum
445 1231 518 1280 uass.
540 1238 566 1280 et
585 1232 642 1281 aid.
660 1229 766 1292 ἀνδρία,
789 1231 858 1294 quod
879 1238 904 1280 et
923 1231 964 1281 liic
985 1238 1011 1279 et
1029 1239 1120 1294 postea

110 1302 225 1364 plausum
248 1301 305 1349 tulit
329 1298 440 1350 [leklreri
467 1305 493 1349 et
516 1299 665 1349 Turicenss.
703 1300 757 1349 Nos
782 1315 827 1348 cur
851 1306 999 1348 constanter
1015 1298 1120 1363 utapro

109 1368 300 1433 scripserimus,
319 1367 377 1416 alibi
397 1368 459 1417 satis
477 1367 593 1417 videmur
612 1369 774 1432 exposuisse.
1053 1390 1089 1426 ,ι

107 1551 204 1599 corum,
222 1535 352 1600 inquibus
371 1534 414 1600 ἄρ’
435 1529 464 1598 ἦν
483 1537 519 1586 ita
540 1554 586 1601 po-

108 1608 183 1654 situm
213 1610 268 1665 est,
302 1603 398 1654 dudum
428 1607 589 1668 collegerunt

108 1670 282 1722 Heindorf.
302 1673 333 1721 ad
354 1672 377 1720 lr.
391 1674 406 1721 Ι.
427 1679 453 1721 et
471 1673 588 1722 Scliae-

109 1739 202 1788 serus
230 1737 263 1786 ad
288 1738 409 1802 Soplrocl.
439 1739 505 1787 Oed.
532 1740 587 1790 Col.

108 1823 132 1854 r.
155 1803 229 1856 1697.
253 1805 285 1854 ad
313 1808 430 1870 dpollon.
451 1804 535 1854 erod.
554 1805 587 1854 ll.

107 1892 132 1940 p.
162 1872 232 1934 itt,
262 1873 355 1937 quibus
379 1872 504 1922 accedant
525 1887 590 1935 quae

106 1956 189 2006 nuper
223 1944 247 1990 iu
291 1943 402 1992 editione
444 1940 591 1990 Pliaedonis

105 2008 287 2074 Wyttenbaclii
331 2009 459 2075 lipsiensi
500 2014 587 2059 notata

107 2084 210 2143 sirritp.
233 2078 290 2130 171.

140 2147 222 2198 C.
214 2163 290 2208 qrnc
322 2146 359 2195 τὰ
390 2143 485 2212 ῗτερα
514 2142 586 2194 rod-

109 2212 207 2277 τωνῆ
235 2216 285 2264 καὶ
315 2213 509 2281 ἀμφότερα]
549 2214 586 2263 De

108 2283 154 2333 hac
172 2285 363 2334 constructione
378 2284 475 2332 dictum
497 2281 586 2331 estad

107 2353 218 2416 Apolog.
238 2352 338 2402 Soerat
358 2369 374 2416 p
406 2350 447 2402 22.
471 2353 499 2399 l).

136 2415 199 2485 ‘Ap
221 2419 303 2468 od-
274 2416 585 2481 -καὶὴὄιομαζο

23 2526 26 2530 .
106 2491 183 2553 μέιη
214 2487 365 2553 ἀνδρεία]
393 2486 456 2536 Tria
482 2486 587 2567 potissi-

93 2572 177 2607 imum
196 2555 309 2606 distinxit
323 2558 398 2606 Plato
416 2555 484 2604 virtu
487 2556 520 2604 tis
538 2571 584 2617 ge-

106 2641 177 2676 nera.
225 2625 479 2674 Praestantissimum
516 2624 584 2671 euim

105 2695 173 2744 iliius
204 2708 286 2757 genus
317 2691 481 2758 pliilosoplius
514 2689 586 2739 duxit

106 2761 183 2822 illud,
211 2760 281 2824 quod
312 2761 383 2812 duce
407 2765 433 2809 et
463 2759 585 2818 nraqistra

105 2830 204 2879 ratione
223 2831 353 2880 coleretur
373 2832 399 2876 et
418 2843 450 2876 ex
468 2826 586 2876 veritatis

106 2898 211 2946 scientia
235 2903 311 2958 atque
342 2895 488 2958 cognitione
521 2901 587 2943 tam-

105 2980 183 3028 quam
196 2970 313 3028 sponte
301 2963 482 3011 eltlorescrmret
507 2962 589 3011 Quam

106 3032 210 3093 quidem
240 3031 361 3077 virtutem
389 3029 446 3075 uuis
472 3027 588 3089 pliiloso-

107 3092 163 3176 pleis
175 3095 257 3144 voluit
268 3110 327 3142 esse
342 3093 485 3156 propriam,
499 3098 590 3155 utpote

108 3164 133 3212 iu
164 3162 280 3212 reritatis
315 3160 392 3208 iudae
377 3161 480 3222 palione
513 3167 590 3221 atque

107 3228 588 3295 contemplationestudiosissimerer-

107 3299 231 3348 sautibus.
253 3298 383 3348 Quorsum
401 3300 520 3361 spectant
532 3311 587 3343 mn·

106 3368 172 3417 xime
192 3368 268 3415 etiam
289 3381 328 3422 ea,
347 3381 412 3428 quae
431 3364 469 3412 iric
487 3362 519 3410 de
532 3363 587 3427 plri-

106 3433 275 3498 losoplrorum
302 3432 396 3482 virtute
415 3432 587 3491 disseruntur3

46 3507 53 3524 ⁸
105 3508 226 3568 spectant
243 3502 305 3551 item
325 3500 376 3563 illa,
395 3516 462 3564 quae
479 3499 586 3551 'l'lreaet

78 3568 128 3636 ’μ
153 3569 208 3622 173
229 3571 249 3618 C
276 3584 330 3632 sqq.
358 3586 382 3634 p
405 3568 460 3619 titt
481 3567 512 3619 B.
532 3584 586 3632 sqq.

105 3639 286 3703 disputantur,
312 3637 357 3686 ubi
389 3638 520 3701 praeclua
544 3652 587 3685 sa-

105 3707 204 3788 pientis
219 3707 304 3769 imago
324 3706 476 3769 proponitur
498 3703 521 3752 in
541 3703 586 3753 liu-

105 3776 145 3831 ius
181 3774 281 3824 virtutis
319 3775 420 3834 studio,
452 3771 521 3834 quod
552 3772 584 3820 ad

105 3840 154 3904 τὴν
179 3841 304 3907 &prolatori
325 3847 388 3890 1131
384 3845 437 3889 θεῶ
456 3840 583 3904 perlucit,

104 3910 178 3959 unice
198 3910 324 3974 occupati
338 3926 361 3958 ν.
365 3910 451 3977 etiam
465 3909 503 3959 De
515 3908 592 3973 Rep.

104 3977 135 4027 V
159 3994 185 4043 p
211 3975 270 4028 473
296 3978 326 4030 B
345 3982 400 4042 sqq
428 3978 470 4027 vl.
491 3993 557 4042 p
531 3975 582 4029 484

105 4060 161 4109 sqq.
194 4045 262 4095 Huic
273 4060 335 4096 vero
346 4045 582 4110 praestantissimae

104 4112 205 4163 virtutis
228 4113 316 4176 generi
345 4121 476 4176 tamquam
501 4131 515 4164 e
539 4130 580 4165 re-

1095 1422 1113 1447 1

639 1539 716 1601 gione
735 1536 821 1598 posuit
840 1537 964 1596 alterum,
992 1536 1060 1600 qnod
1080 1537 1119 1585 di-

639 1606 746 1669 sciplina
768 1605 945 1666 acquireretur
968 1611 1044 1668 atque
1071 1605 1118 1655 ad-

639 1673 773 1721 suetudine
806 1673 966 1735 potissimum
997 1684 1022 1722 et
1054 1675 1118 1723 obe-

640 1741 734 1788 dientia
753 1740 827 1786 bonis
845 1741 943 1798 legibus
970 1747 996 1789 et
1014 1741 1118 1790 iustitu-

641 1808 672 1855 tis
683 1807 806 1868 praestita
817 1808 998 1859 contineretur.
1033 1808 1116 1859 Quam

642 1874 758 1922 virtutem
778 1873 841 1921 dixit
857 1873 994 1935 δημοτικὴν
1013 1874 1054 1920 καὶ
1072 1893 1119 1921 uo-

641 1938 754 2002 λιτικὴν,
779 1942 972 2004 popularem
998 1949 1024 1991 et
1042 1943 1118 1990 ciri-

641 2010 713 2059 iem.
762 2008 826 2058 Eam
856 2013 941 2058 autem
978 2011 1077 2060 censuit
1105 2027 1119 2058 a

640 2078 764 2128 scientiae
803 2084 829 2126 et
862 2079 1016 2140 cognitionis
1044 2078 1118 2128 laude

637 2147 768 2209 aliquanto
791 2161 849 2195 esse
873 2148 1056 2208 remotiorem,
1075 2153 1116 2196 ut-

637 2221 699 2279 pote
723 2215 748 2263 in
771 2230 821 2263 uuo
848 2230 896 2263 usu
917 2217 1026 2264 maxime
1047 2217 1116 2279 posi-

635 2290 705 2345 tam,
731 2282 848 2346 adeoque
872 2285 1031 2332 coniunctam
1058 2299 1117 2333 esse

638 2356 664 2401 et
690 2366 768 2414 posse
797 2358 822 2399 et
847 2354 931 2399 solere
955 2367 1009 2400 cum
1034 2352 1116 2400 illibe-

637 2420 683 2469 rali
708 2426 734 2468 et
762 2419 895 2469 inlrouesto
924 2419 1115 2468 conuuodorum

639 2496 664 2536 et
683 2493 711 2535 ut
701 2488 822 2537 tilitatum
843 2486 941 2546 studio,
967 2486 1114 2535 rmnrelarem

635 2571 665 2605 ac
674 2554 861 2604 fraudulentam
877 2570 953 2604 ierac
966 2569 1069 2615 grtermar
1073 2570 1116 2602 ae-

635 2639 684 2688 que
702 2623 739 2672 vir
741 2625 803 2672 uttis
816 2623 983 2673 imitatricem.
1004 2622 1032 2670 ld
1047 2621 1116 2684 (prol

637 2692 762 2741 Socrates
796 2691 818 2743 u
848 2693 862 2740 Ι.
889 2691 974 2740 docet.
1017 2691 1115 2742 Quam-

638 2760 725 2809 obrem
750 2775 798 2809 nec
829 2759 954 2808 dubitarit
982 2775 1042 2818 eos,
1073 2758 1116 2820 qui

638 2828 672 2876 illi
692 2829 732 2876 uui
752 2827 832 2876 dediti
853 2834 953 2887 essent,
980 2833 1028 2874 τῶν
1047 2823 1116 2887 ‹pmi-

639 2896 687 2941 lun
717 2896 803 2956 generi
830 2895 975 2944 ariscriliere
1001 2893 1066 2942 inira
1092 2909 1117 2956 p.

640 2961 730 3012 87.1)
753 2969 819 3023 etp.
839 2962 880 3010 8’“).
905 2964 932 3008 l.
953 2977 990 3023 sq
1017 2963 1073 3009 coll
1092 2977 1117 3023 p.

640 3027 681 3078 68.
703 3028 750 3087 8.,
774 3029 852 3074 ιιΙιί’“
837 3045 868 3075 ris
887 3026 978 3088 diripe
968 3045 1118 3087 ςισκιιγρμι

641 3096 688 3155 qis
713 3093 838 3143 tribuitur,
884 3095 1046 3153 Quamquam
1072 3092 1118 3141 lroo

641 3160 769 3208 iirtutis
763 3175 843 3221 greuus
870 3159 1017 3220 nuittqnam
1039 3160 1119 3220 negli-

639 3227 750 3292 gendum
770 3235 815 3276 aut
830 3226 1040 3276 contemnendum
1058 3242 1118 3276 ceu-

638 3297 695 3344 suit.
733 3296 781 3344 Cui
808 3297 855 3345 etsi
879 3311 925 3360 per
948 3312 976 3344 se
999 3301 1117 3360 spectato

639 3364 712 3414 facile
726 3364 851 3414 intellexit
863 3364 954 3414 deesse
971 3365 1115 3414 firmitatem

637 3434 706 3482 illam
733 3440 758 3480 et
783 3434 967 3493 corruentium,
992 3449 1057 3496 quae
1084 3434 1116 3484 ab

638 3503 786 3564 etploratue
819 3503 932 3551 veritatis
960 3502 1065 3552 scientia
1091 3507 1117 3551 et

637 3570 757 3618 interiore
784 3571 874 3619 metuis
903 3571 1026 3633 animique
1057 3585 1116 3634 per-

638 3639 760 3686 suasione
780 3639 1001 3702 proficisceretur,
1022 3645 1116 3696 tamen,

637 3707 755 3769 quoniam
776 3709 866 3770 vulgus
885 3707 925 3756 vix
947 3708 1023 3756 altius
1042 3707 1116 3756 educi

638 3781 742 3837 posset,
762 3772 825 3824 lianc
845 3776 866 3825 ei
887 3775 986 3826 laudem
1000 3775 1115 3824 tribuen-

634 3842 694 3892 dam
727 3844 833 3904 statuit,
865 3849 895 3891 ut
927 3842 958 3891 ad
989 3840 1115 3906 publicam

634 3912 729 3975 pariter
753 3918 830 3974 atque
855 3911 977 3975 privatam
1005 3909 1116 3956 salutem

633 3982 707 4044 piane
718 3980 891 4029 necessarium
901 3993 958 4028 esse
968 3974 1118 4039 plurimum-

632 4063 683 4111 que
698 4046 729 4096 nd
743 4063 798 4097 eam
818 4048 904 4096 valere
923 4039 1117 4092 existimandum

635 4120 713 4164 esset.
753 4113 882 4165 eroeirra
907 4124 952 4158 cos
978 4122 1068 4158 omnes
1093 4108 1117 4157 iu
