2604 4620
425 236 495 310 AD
521 234 850 310 PHAEDONEM.
1144 241 1165 312 5

205 416 317 499 Quare
332 418 364 484 ‚si
383 440 480 502 quem
499 416 615 482 videtis
636 427 770 483 mortem
792 417 914 495 timere,
937 415 1026 482 hunc
1047 439 1088 482 ne
1105 417 1167 482 du-

147 502 257 568 bitetis
293 502 439 568 iudicare
471 505 682 587 φιλοσώματον
713 501 821 586 potius
860 524 957 586 quam
991 501 1167 587 φιλόσοφον.

149 585 340 652 Cuiusmodi
356 587 513 662 homines,
535 586 804 669 quemadmodum
818 608 883 650 non
896 597 1034 670 possunt
1048 608 1166 670 perve-

147 671 217 735 nire
235 671 278 735 ad
291 671 439 736 veritatis
458 668 672 754 cognitionem
686 680 719 734 et
733 670 908 747 scientiam,
928 671 974 735 ita
988 693 1048 735 nec
1062 671 1167 735 virtu·

147 765 212 820 tem
232 777 377 838 unquam
398 764 639 901 consequuntur
669 754 731 818 hoc
750 755 878 818 nomine
898 755 1039 840 dignam.
1084 753 1166 820 Ete-

146 839 215 903 nim
239 839 405 904 abstinent
429 860 501 901 sea
548 837 620 903 aliis
640 836 870 921 voluptatibus,
898 859 962 920 quo
981 838 1107 903 facilius
1127 859 1166 903 ae

147 923 270 987 diutius
291 922 364 987 aliis
381 921 530 985 fruantur
537 946 546 998 ;
573 922 682 987 colunt
699 920 869 998 iustitiam,
889 944 929 985 ne
948 921 1012 1005 ipsi
1033 921 1074 986 ab
1096 922 1166 988 aliis
1203 924 1207 937 '

145 1005 268 1071 iniuria
280 1005 478 1080 afficiantur3
492 1005 591 1071 fortes
607 1016 681 1070 sunt
694 1028 773 1090 prae
786 1005 917 1091 ignavia
931 1015 987 1070 aut
997 1005 1165 1071 imbecilli·

148 1099 227 1166 tate,
247 1110 347 1172 quum
366 1112 430 1153 non
448 1089 587 1154 habeant
606 1090 723 1154 virium
742 1090 821 1155 satis
835 1090 877 1154 ad
892 1091 1099 1156 sustinendas
1115 1102 1165 1156 to·

147 1173 359 1256 lerandasque
383 1173 579 1239 calamitates
586 1198 595 1251 ;
626 1174 764 1258 denique
790 1173 1014 1240 adumbratam
1040 1186 1165 1240 tanturn

148 1256 275 1321 virtutis
294 1256 433 1341 speeiem
452 1269 484 1322 et
501 1258 676 1344 imaginem
697 1259 953 1343 amplectuntur,
975 1282 1041 1323 non
1058 1259 1164 1343 ipsam
1273 1334 1275 1339 ¹

146 1340 296 1406 virtutem
323 1341 447 1420 colunt,
472 1343 617 1427 adeoque
641 1354 856 1408 mercaturam
904 1343 976 1407 uasi
1002 1345 1164 1427 quandam

145 1424 272 1489 virtutis
289 1424 437 1504 iaciunt,
472 1448 571 1510 quum
601 1428 708 1491 omnia
732 1365 953 1511 voluptatibus
978 1428 1162 1492 metiantur.

143 1508 220 1573 Alia
250 1531 384 1594 prorsus
410 1520 459 1576 est
490 1512 558 1576 veri
584 1511 769 1610 philosophi
795 1510 955 1576 sentiendi
980 1535 1000 1574 a
1025 1512 1163 1596 endique

143 1593 241 1658 ratio:
266 1593 332 1677 qui,
358 1594 518 1682 quidquid
539 1605 619 1681 agrt,
646 1606 816 1681 propterea
836 1595 915 1681 agit,
939 1535 1027 1694 quod
1040 1619 1163 1672 verum,

142 1675 264 1742 bonum
289 1688 325 1751 et·
343 1678 467 1743 iustum
487 1702 558 1745 esse
577 1679 676 1744 ridet.
714 1677 790 1760 Quo
808 1679 881 1764 ipso
900 1702 1043 1744 ammum
1070 1703 1164 1744 suurn

143 1761 238 1842 quasi
257 1771 432 1843 praeparat
450 1763 493 1825 ad
512 1764 771 1846 cognoscendam
794 1773 827 1826 et
850 1763 1038 1828 intuendam
1059 1763 1164 1847 ipsam

142 1865 252 1907 rerum
273 1842 452 1907 veritatem.
495 1844 593 1906 Hanc
613 1853 737 1918 autem,
765 1856 918 1924 quantum
935 1847 1114 1929 intelligere
1133 1856 1167 1910 et

143 1926 304 2011 suspicari
323 1925 417 1990 nobis
435 1926 525 2001 lieet,
546 1925 674 1989 animus
691 1925 851 1990 humanus
870 1935 927 1989 aut
939 1949 1101 2010 nusquam
1115 1938 1165 1991 at·

143 2011 257 2096 tinget,
273 2020 330 2074 aut
344 2018 566 2094 postmortem
582 2019 807 2092 consequetur.
836 2008 928 2080 Haec
943 2010 1051 2075 omnia
1066 2010 1166 2096 igitur

142 2116 271 2159 mecum
284 2103 438 2178 reputans
454 2102 570 2157 sortem
584 2114 689 2157 meam
704 2093 785 2157 adeo
798 2115 863 2158 non
877 2091 1010 2159 moleste
1024 2094 1108 2173 fero,
1128 2107 1164 2160 ut

143 2201 216 2242 eam
245 2178 340 2242 etiam
364 2177 503 2242 faustam
528 2175 721 2261 beatamque
747 2200 818 2244 esse
843 2177 989 2242 arbitrer.
1030 2178 1163 2245 Etenim

142 2272 231 2328 certa
242 2284 294 2325 me
310 2284 384 2346 spes
405 2271 493 2326 tenet
505 2260 752 2338 futurumesse,
774 2272 811 2325 ut
825 2263 912 2346 apud
926 2263 1046 2328 inferos
1061 2264 1162 2329 multo

141 2347 310 2412 certiorem
324 2345 563 2430 plenioremque
579 2369 759 2430 consequar
773 2347 919 2411 veritatis
934 2348 1161 2432 cognitionem,

140 2430 194 2496 cui
207 2453 258 2494 me
272 2429 375 2495 nostis
395 2453 454 2514 per
469 2440 569 2494 totam
584 2431 683 2495 vitam
699 2430 875 2505 studuisse3
902 2442 934 2494 et
949 2431 1096 2496 dominos
1111 2443 1162 2496 at-

141 2537 204 2599 que
219 2514 339 2580 amicos
354 2514 449 2579 etiam
460 2514 525 2578 illio
535 2514 672 2579 habeam
683 2515 830 2599 optimos.
853 2514 967 2579 Haeci
992 2515 1058 2579 itur
1074 2526 1159 2592 sunt,

140 2621 223 2682 quae
237 2599 301 2662 mei
315 2598 507 2669 defendendi
522 2621 638 2663 caussa
652 2600 740 2683 apud
754 2621 823 2676 vos,
839 2598 944 2674 amici,
984 2598 1097 2664 ‘canda
1112 2600 1161 2663 vi-

140 2681 314 2832 delbantpro:
329 2704 425 2804 *quae
445 2682 472 2748 si
483 2681 579 2748 'vobis
598 2683 735 2768 probata
749 2682 883 2760 firerint,
905 2682 1025 2767 optime
1039 2684 1160 2749 factum

139 2789 177 2830 ar
198 2766 261 2830 itra
304 2790 322 2831 r
364 2816 372 2832 .

198 2848 292 2930 Quae
314 2768 486 2936 ptistquam
503 2851 653 2919 Socrates
672 2853 909 2936 disputaverat,
930 2851 1076 2936 primum
1094 2849 1160 2916 Ce-

139 2933 199 2998 bes
210 2935 239 2999 ei
250 2936 432 3019 respondit:
451 2935 568 3002 Cetera
579 2937 720 3020 quidem,
736 2959 754 3000 o
769 2934 930 3011 Socrates,
943 2958 1024 3018 quae
1036 2935 1159 3012 dixisti,

139 3019 237 3102 plane
250 3019 330 3083 mihi
343 3021 522 3103 probantur
537 3031 569 3084 et
583 3020 712 3104 egregie
727 3018 893 3100 disputata
907 3018 1067 3082 videntur.
1095 3017 1162 3081 Sed

140 3102 221 3182 quid
235 3102 342 3164 animo
354 3103 500 3165 futurum
515 3101 591 3164 sita
606 3121 739 3181 corpore
756 3109 925 3194 segregato
940 3108 973 3162 et
987 3099 1160 3174 disiuncto,

139 3184 176 3249 id
202 3183 333 3266 quidem
353 3182 464 3247 multis
483 3181 674 3266 magnisque
694 3179 868 3245 obnoxium
889 3189 938 3244 est
953 3180 1161 3246 dubitationi·

139 3267 214 3332 bus
248 3266 358 3352 Vulgo
378 3266 463 3330 enim
482 3274 639 3340 metuunt,
661 3286 739 3330 nee
762 3285 896 3347 corpore
914 3265 1074 3330 excedens
1088 3266 1160 3330 ani·

93 3352 98 3361 '
137 3374 213 3417 mus
228 3361 382 3434 tanquam
396 3349 514 3415 halitus
528 3359 584 3413 aut
603 3347 714 3412 tumus
726 3347 902 3432 dissipetur
915 3360 1013 3433 atque
1028 3349 1158 3433 penitus

137 3445 319 3502 evanescat.
342 3433 457 3518 Ita-que
468 3431 686 3498 necessarium
697 3442 756 3508 est,
771 3444 808 3496 ut
818 3431 974 3517 probetur
984 3457 1157 3520 argumen-

138 3520 182 3585 tis
202 3520 276 3583 eum
289 3518 386 3582 etiam
400 3527 622 3602 postmortem
638 3517 781 3601 corporis
796 3540 924 3598 manere
940 3519 1157 3603 superstitem,

137 3604 260 3689 vigere,
286 3601 444 3687 cogitare3
470 3601 603 3684 eiusque
618 3601 675 3678 rei,
697 3598 895 3703 oSocratpa
913 3603 1052 3686 siquam
1068 3614 1156 3670 tenes

137 3685 384 3772 explicationem
405 3695 436 3750 et
456 3686 770 3761 demonstrationem,
797 3707 859 3771 age
878 3686 965 3751 illam
986 3687 1157 3754 nobiscum

138 3770 348 3837 communica.
370 3768 445 3856 Ego
460 3793 547 3847 vero,
561 3769 667 3854 inquit
679 3768 841 3846 Socrates,
863 3769 978 3837 faciam
993 3772 1081 3855 quod
1095 3794 1154 3857 pe·

188 4050 527 4141 damu-mu
