2604 4620
80 240 84 261 t
157 231 261 281 LXXII
325 302 329 309 ¹
527 229 802 278 *Paonasonartn

65 432 72 447 .
155 384 354 450 introductas
372 402 454 448 esse.
477 378 581 465 Quasi
601 403 676 449 vem
691 381 777 467 apud
790 378 966 459 Platonem,
988 385 1045 452 ubi
1059 386 1167 453 statim

156 471 198 536 ab
218 468 308 533 initio
330 466 436 552 operis
458 464 544 532 docti
566 467 606 532 de
627 487 734 531 amore
754 486 916 549 sermones
937 467 1104 551 habentur,
1125 472 1166 537 iis

155 555 239 619 nllus
264 552 355 616 locus
382 550 514 616 concedi
540 549 690 636 potuerit,
719 571 779 613 nec
806 549 937 614 easdem
958 574 1017 636 per
1037 556 1085 620 rei
1106 579 1164 621 na·

156 650 258 702 turam
285 634 453 702 debuerint
478 635 604 721 placere
630 633 850 720 Xenophonti,
877 633 1094 719 qui'convivii
1114 641 1165 705 hi·

152 719 309 784 lenitatem
336 721 585 819 suavitatemque
617 740 744 785 omnem
771 718 951 786 describere
979 723 1164 790 constituis-

154 804 253 889 set*).
273 805 323 869 At
343 827 431 886 vero,
452 803 670 952 inqmunt**13,
692 803 778 889 quod
798 803 897 870 Xeno
920 805 984 872 hon
1007 806 1164 875 maiorum

151 890 341 991 poculorum
369 913 464 956 usum
487 887 601 967 reiicit,
661 889 863 955 latoautem
910 902 1048 960 ceratem
1070 915 1164 960 suum

68 1022 71 1033 .
150 975 302 1039 miormat
323 974 429 1052 talem,
452 974 507 1059 qui
527 973 653 1039 fortiter
673 997 777 1059 usqne
797 975 840 1042 ad
861 975 1036 1042 diluculum
1050 999 1068 1042 e
1082 996 1160 1064 psy‘-

151 1068 238 1124 otere
259 1058 349 1135 bibit,
376 1070 466 1124 estne
492 1057 555 1125 hoc
577 1058 741 1139 eiusmodi,
763 1071 800 1124 ut
821 1060 955 1126 alterum
977 1063 1164 1149 scriptorem

152 1142 309 1230 suspicari
329 1143 422 1208 licem
442 1142 534 1207 alteri
557 1165 646 1208 suam
667 1143 822 1232 rationem
844 1167 916 1210 cum
931 1146 1038 1232 aliqua
1052 1148 1162 1214 simul-

150 1239 216 1313 tate
237 1228 447 1316 opposuisse?
467 1226 627 1292 Nimirum
639 1225 733 1294 Plato
749 1225 891 1294 Socratis
912 1231 1064 1298 invictam
1086 1255 1162 1298 con-

151 1314 318 1382 tinentiam
346 1312 507 1397 animique
535 1311 754 1378 fortitudinem
786 1325 974 1381 ostensurus
1003 1339 1076 1382 eum
1104 1341 1161 1382 ex-

150 1409 251 1464 tremo
272 1397 420 1464 convivio
439 1397 486 1462 ita
499 1396 575 1463 lacit
592 1396 764 1477 bibentem,
780 1408 827 1476 ut,
846 1397 922 1463 licet
936 1401 1162 1487 computationi

148 1483 324 1571 indulgeat,
347 1492 453 1548 tamen
474 1493 601 1570 praeter
625 1492 748 1549 ceteros
769 1505 881 1551 omnes
895 1497 1022 1551 maneat
1036 1486 1161 1553 sobrius

148 1577 182 1659 et
202 1567 270 1633 veri
290 1564 470 1654 philosophi
485 1578 612 1634 tueatur
631 1567 817 1655 dignitatem
823 1592 832 1645 3
855 1567 1039 1657 Xenophon
1053 1582 1161 1637 autem
1228 1650 1232 1659 ἱ

148 1675 223 1720 eum
247 1652 342 1719 iussit
361 1652 394 1718 in
417 1675 455 1720 eo
476 1653 597 1719 versari
618 1651 775 1731 convivio,
797 1653 918 1738 quoda
932 1656 1057 1744 vulgari
1071 1680 1160 1723 more

148 1748 181 1805 et
213 1738 443 1805 consuetudine
467 1760 532 1804 non
557 1737 739 1814 recederet,
772 1748 809 1802 ut
835 1739 978 1825 profecto
1003 1742 1160 1826 quidquid

148 1824 354 1891 convivarum
378 1822 654 1910 intemperantiam
679 1832 838 1900 arcueret,
867 1823 902 1887 id
924 1834 1025 1889 totum
1048 1827 1159 1892 tollere

147 1920 181 1975 et
200 1931 365 1976 removere
387 1908 615 1994 debueritffl).
637 1874 751 1972 Paullo
771 1906 846 1992 plus
867 1908 1018 1992 ponderis
1039 1909 1158 1976 habere

147 1994 296 2061 videntur
321 2000 510 2080 argumenta
529 2003 659 2058 mutuae
682 1990 851 2057 simultatis
873 2014 893 2056 a
915 1989 1101 2073 Ceruario
1122 1994 1156 2057 in

145 2079 286 2144 medium
307 2079 412 2144 allata.
433 2077 468 2142 Is
482 2076 576 2156 enim,
599 2076 674 2141 dum
695 2075 805 2141 statuit
817 2074 1068 2162 Xenophontem
1083 2100 1156 2142 eum

145 2164 257 2240 luisse,
280 2162 336 2245 qui
354 2162 472 2226 librum
494 2183 587 2244 suum
605 2159 772 2227 Platonico
793 2160 856 2226 scri
881 2171 913 2225 to
934 2171 1046 2247 utpote
1066 2163 1155 2248 prins

143 2248 178 2312 in
198 2247 302 2312 lucem
328 2247 444 2311 emisso
465 2245 661 2333 opposuerit,
689 2245 767 2311 haec
788 2182 950 2330 scribitur
979 2243 1069 2326 „Sed
1091 2269 1156 2312 non

143 2330 179 2396 in
204 2331 254 2396 his
281 2340 412 2410 tantum,
441 2353 523 2416 quae
549 2354 590 2396 ex
611 2330 822 2397 aemulatione
850 2331 989 2415 quadam
1010 2331 1155 2398 Platonis

144 2413 317 2501 Symposio
343 2415 434 2502 prius
461 2416 546 2483 edito
574 2417 730 2482 contraria
752 2415 889 2502 scripsit,
918 2417 976 2482 sed
1004 2417 1099 2481 etiam
1120 2418 1155 2483 in
1197 2454 1200 2461 ν

143 2501 204 2579 his,
234 2523 316 2584 quae
337 2502 424 2566 velut
445 2500 573 2567 aliunde
595 2512 699 2567 sumta
720 2501 807 2583 citat,
829 2500 1014 2588 Xenophon
1036 2525 1055 2566 a
1076 2501 1154 2566 Pla-

143 2597 217 2653 tone
238 2585 406 2651 dissentire
427 2585 684 2673 deprehenditur.
719 2584 823 2667 Quale
845 2596 884 2651 et'
897 2585 957 2651 hoc
978 2595 1037 2663 est,
1067 2587 1154 2670 qnod

142 2667 293 2736 Socrates
315 2670 401 2755 apud
422 2670 528 2757 ipsum
548 2670 728 2736 Pausaniae
749 2669 927 2757 apologiam
940 2693 1000 2770 pro
1013 2669 1074 2749 his,
1096 2671 1154 2755 qui

37 2831 44 2839 ι
140 2755 173 2820 in
194 2755 436 2841 intemperantia
457 2756 551 2821 simul
564 2755 757 2834 volutantur,
779 2754 953 2833 adducens,
974 2779 1008 2820 1n
1023 2777 1087 2839 qua
1101 2756 1151 2820 di-

140 2839 224 2906 xerit
244 2839 308 2918 ille,
337 2840 423 2924 quod
451 2840 547 2905 etiam
572 2841 731 2906 exercitus
758 2839 948 2905 fortissimus
970 2851 1066 2918 esset,
1096 2843 1152 2924 qui
1194 2850 1201 2868 ¹

141 2948 182 2991 ex
203 2924 317 2991 amatis
338 2935 371 2989 et
391 2925 583 2991 amatoribus
605 2935 774 3003 constaret,
803 2935 835 2990 et
860 2924 980 2990 dictum
1002 2926 1063 2991 hoo
1083 2927 1151 3012 pri-

101 3053 105 3061 s
137 3032 227 3076 mum
254 3009 353 3075 veluti
377 3010 584 3075 falsissimum
609 3009 728 3075 refellit
753 3021 786 3074 et
810 3030 886 3074 mox
908 3011 1089 3076 testimonia
1110 3011 1151 3076 ab

138 3096 192 3160 illo
215 3095 254 3159 de
275 3094 438 3160 Thebanis
461 3106 493 3160 et
514 3093 604 3160 Eleis
613 3095 774 3196 producta
786 3095 899 3161 reiicit.
924 3093 1022 3176 Quod
1043 3106 1150 3160 autern

137 3204 203 3245 non
227 3180 309 3245 hanc
329 3179 509 3245 Pausaniae
536 3180 717 3267 epimonem
744 3201 782 3244 eo
807 3181 878 3245 loco
899 3181 1070 3266 reprobare
1090 3202 1147 3245 vo-

137 3261 243 3341 luc'rit,
271 3265 361 3330 cuius
384 3266 535 3351 scriptum
557 3264 653 3329 etiam
674 3264 834 3330 Athenaei
856 3265 982 3331 saeculo
1003 3265 1146 3350 ignotum

136 3348 207 3425 fuit,
238 3357 270 3412 et
296 3350 352 3432 qui
373 3349 468 3414 etiam
489 3351 576 3434 apud
596 3350 719 3415 nullum
740 3349 837 3416 alium
864 3373 959 3435 quam
979 3348 1145 3413 Platonem

137 3432 178 3496 de
200 3433 395 3498 amatoribus
421 3443 453 3498 et
473 3434 586 3499 amatis
607 3435 740 3534 loquens
760 3434 931 3512 inducitur,
962 3434 1019 3498 sed
1039 3433 1146 3517 ipsum

136 3516 303 3583 Platonem
331 3539 390 3602 per
420 3519 480 3583 hcc
507 3527 618 3584 notare
649 3519 844 3597 instituerit,
881 3542 920 3584 ex
953 3541 990 3583 eo
1024 3517 1145 3581 clarum

136 3600 186 3680 fit,
214 3600 299 3685 quod
325 3623 363 3664 ea
389 3600 568 3667 Pausaniae
595 3604 693 3670 verba
719 3605 806 3691 apud
830 3604 996 3671 Platonem
1022 3600 1143 3667 haben·

176 3793 203 3858 *)
220 3795 292 3845 Idem
310 3795 341 3844 de
358 3794 406 3845 hac
423 3808 449 3843 re
467 3795 546 3843 visum
565 3802 602 3844 cst
618 3795 765 3846 Bockhio
783 3799 801 3846 1.
820 3812 841 3848 c.
859 3813 883 3863 p.
903 3802 917 3848 8
937 3810 990 3861 sqq.

162 3880 203 3949 ξ*)
220 3881 331 3932 Athen.
350 3881 367 3929 l.
386 3896 407 3929 c.
426 3878 597 3931 Cornarius
614 3881 631 3928 l.
649 3896 670 3930 c.
690 3897 714 3945 p.
733 3887 764 3932 28
783 3899 837 3949 sqq.

159 3966 199 4029 **)
217 3967 257 4018 Ita
274 3967 435 4018 Bockhins
454 3981 554 4031 quoque
573 3968 668 4018 censuit
685 3983 709 4032 p.
731 3975 769 4018 18.

175 4050 200 4112 t)

145 3970 157 3997 *t
