2604 4620
142 224 166 293 4
529 201 819 294 PRAEFATIO
886 258 894 269 ·

143 423 240 487 quam
255 399 347 548 potui
365 397 505 483 probare
518 398 691 478 iudicibus,
711 401 768 484 qui
781 424 833 465 me
847 402 953 485 eapite
968 403 1164 470 eandemna·

142 484 1163 568 mtwmmmfflmmmmmmn

141 570 295 635 maiorem
315 577 563 633 consecuturum
584 590 654 631 esse
672 566 867 632 felicitatem.
910 568 995 653 Nam
1008 572 1084 637 lieet
1097 595 1163 638 non

141 652 368 718 affirmaverim
388 651 450 717 nisi
472 674 546 715 eum
566 652 707 734 quadam
727 651 824 714 animi
840 649 1038 729 dubitatione
1052 679 1104 720 me
1119 657 1162 721 ad

140 736 288 800 meliores
301 736 447 800 homines
462 759 533 801 esse
548 746 737 810 venturum3
754 744 861 799 tamen
875 737 917 800 ad
931 737 1068 822 optimos
1083 740 1161 807 deos

139 843 191 884 me
201 820 277 885 hine
288 819 518 898 discessurum,
534 842 712 903 eorumque
719 819 875 903 adspectu
886 832 918 885 et
929 824 1161 907 consuetudine

140 915 231 969 tanto
250 904 355 991 magis
376 905 574 991 gavisurum,
597 927 661 988 quo
674 903 786 988 purior
801 904 1019 990 sinceriorque
1032 906 1160 972 animus

140 989 190 1053 ad'
201 988 272 1052 illos
294 989 477 1065 evolaverit,
498 989 534 1052 id
555 989 685 1071 quidem
700 998 823 1052 eertum
842 999 940 1073 atque
954 1013 1067 1056 verum
1080 1013 1159 1055 esse

140 1074 306 1138 oemffi.
1071 1114 1074 1119 -

197 1072 360 1237 Quocirca
382 1156 537 1241 sapientis
568 1166 618 1221 est
642 1166 744 1221 morte
768 1157 1057 1240 appropinquante.
1074 1158 1160 1225 bono

140 1263 211 1306 esse
231 1240 354 1305 animo:
376 1265 455 1323 ,nam
476 1239 679 1326 philosophia
696 1241 743 1305 nil
763 1252 813 1306 est
834 1240 922 1304 aliud
942 1241 1005 1306 nisi
1019 1264 1098 1326 prae
1122 1267 1159 1308 a·

138 1324 221 1389 ratio
246 1337 345 1409 atque
374 1325 539 1391 meditatio
564 1325 692 1403 mortis,
718 1324 750 1389 id
777 1326 865 1408 quod
888 1324 1034 1391 homines
1115 1348 1158 1412 go

138 1408 288 1495 ignorare
301 1409 470 1475 videntur:
493 1409 663 1475 ridioulum
677 1420 785 1474 autem
799 1408 897 1474 lirerit
910 1409 1081 1491 hominem,
1102 1409 1158 1494 qui

139 1503 207 1557 tota
226 1492 293 1557 vita
314 1491 559 1578 philosophatus
575 1495 631 1572 sit,
652 1495 797 1578 adeoque
810 1504 947 1559 mortem
961 1505 1158 1559 commenta·

139 1586 202 1654 tus,
222 1576 257 1641 in
276 1589 418 1643 extremo
437 1578 522 1644 vitae
541 1579 685 1663 periculo
704 1577 782 1664 angi
796 1589 893 1663 atque
907 1589 996 1644 metu
1011 1578 1158 1644 eruciari.

138 1659 272 1727 Habent
290 1673 398 1727 autem
412 1685 500 1728 mors
514 1674 611 1747 atque
625 1662 847 1748 philosophiae
862 1663 1005 1728 studium
1019 1663 1081 1729 hoo
1096 1661 1159 1728 sibi

52 1814 54 1820 ,
95 1784 96 1788 =
139 1768 317 1824 commune,
333 1747 421 1831 quod
434 1757 466 1811 et
479 1747 533 1811 illa
547 1748 689 1812 animum
704 1772 723 1812 a
738 1747 882 1832 eorporis
896 1747 1037 1813 vinculis
1052 1745 1158 1814 exsol-

138 1830 195 1908 vit,
216 1841 248 1895 et
267 1831 328 1897 hoe
346 1842 486 1897 mentem
506 1843 650 1897 nostram
671 1856 691 1896 a
711 1855 819 1896 rerum
834 1831 983 1897 sensibus
998 1831 1158 1897 subieota·

137 1938 209 1980 rum
230 1915 378 1982 ludibriis
399 1917 441 1981 ad
461 1927 609 1982 aeternae
627 1915 773 1981 veritatis
794 1914 986 1998 virtutisque
1006 1925 1158 1979 oonstan·

138 2000 216 2064 tiam
235 2001 384 2064 traducit.
411 1999 544 2063 Etenim
564 2000 785 2082 philosophiae
806 1999 867 2062 hoe
882 2008 932 2062 est
945 1997 1158 2082 propositum,

137 2091 174 2143 ut
189 2081 245 2161 qui
259 2080 289 2142 ei
304 2082 455 2143 studeant
465 2081 611 2142 veritatis
622 2080 814 2160 virtutisque
828 2080 1004 2176 participes
1018 2080 1158 2145 reddan-

138 2172 201 2227 tur.
224 2159 323 2248 ond
334 2161 464 2248 quidem
479 2184 544 2225 non
558 2160 695 2227 efficitur
710 2183 854 2243 corporis
869 2183 930 2244 ope
946 2174 978 2225 et
991 2162 1156 2229 beneficio.

136 2245 252 2328 Neque
267 2245 351 2309 enim
365 2245 394 2309 is
409 2267 505 2309 verus
518 2245 646 2310 videtur
660 2244 872 2330 philosophus
886 2267 968 2323 esse,
984 2247 1040 2330 qui
1053 2248 1157 2312 ventri

138 2340 170 2395 et
184 2329 280 2414 gulae
296 2329 424 2393 deditus
439 2339 498 2406 est,
520 2329 576 2412 qui
591 2328 680 2393 oultu
693 2339 873 2412 ornatuque
888 2330 1156 2415 eorporis'delec-

138 2423 236 2491 tatur,
258 2413 314 2497 qui
333 2413 455 2498 gloriae
474 2413 643 2496 laudisque
666 2412 772 2477 studio
787 2413 925 2492 dueitur,
947 2415 1087 2501 denique
1101 2416 1157 2500 qui

137 2498 284 2584 indulget
303 2498 448 2582 eorporis
469 2496 707 2581 voluptatibus3
730 2498 788 2562 sed
806 2497 858 2563 ille
879 2499 1008 2565 demum
1021 2500 1083 2567 hoe
1096 2523 1157 2566 no·

136 2583 222 2646 mine
237 2593 287 2647 est
301 2582 431 2668 dignus,
451 2581 507 2666 qui
521 2582 663 2646 animum
678 2607 697 2646 a
712 2582 856 2667 eorporis
872 2584 1033 2664 societate,
1049 2585 1157 2669 quoad

137 2665 207 2731 eius
227 2665 297 2729 fieri
317 2666 432 2750 possit,
452 2677 622 2731 avocatum
642 2667 735 2751 quasi
753 2666 787 2732 in
807 2667 969 2753 seipsum
991 2669 1112 2756 colligit
1124 2680 1158 2734 et

136 2750 179 2816 ad
193 2773 309 2836 puram
325 2751 545 2899 sinceramqqe
556 2750 723 2816 veritatem
736 2751 955 2838 indagandam
970 2763 1003 2818 et
1013 2766 1156 2819 oontem-

136 2835 290 2919 plandam
304 2836 483 2901 convertit.'
526 2835 624 2900 tanim
639 2860 753 2901 sensus
767 2836 912 2921 eorporis
926 2847 1051 2902 tantum
1065 2838 1158 2903 abest
1194 2916 1201 2924 ι

115 2965 118 2969 -
135 2929 173 2984 ut
187 2917 332 2985 veritatis
347 2920 563 3006 cognitionem
577 2920 670 2986 nobis
685 2921 831 2999 afferant,
847 2931 884 2986 ut
897 2921 1002 2989 fontes
1016 2921 1156 2987 habendi

137 3004 202 3070 sint
220 3004 437 3092 ignorantiae,
463 3016 618 3084 e'rrorum,
640 3006 861 3089 malorumque
883 3004 1034 3086 omnium.
1067 3005 1156 3071 Hine

135 3090 221 3156 enim
235 3091 354 3157 multae
370 3091 518 3157 oriuntur
532 3090 631 3156 animi
650 3113 747 3157 aurae
765 3100 799 3154 et
813 3088 1059 3167 sollicitudinem
1081 3089 1156 3154 hina

134 3197 255 3258 pravae
276 3176 483 3318 qqpiditatem
508 3177 584 3242 hine
602 3175 686 3241 bella
708 3185 741 3241 et
760 3174 934 3241 seditiones
940 3199 949 3251 ;
963 3174 1044 3241 ‘hino
1064 3174 1156 3239 deni·

158 3278 215 3331 ue,
236 3278 281 3336 qu
336 3259 432 3339 longe
447 3269 498 3320 est
512 3258 742 3332 tristissimum,
763 3281 889 3321 errores
904 3269 1001 3339 atque
1015 3256 1155 3322 fraudes.

136 3277 232 3418 &uae
247 3359 348 3420 quum
360 3339 407 3400 ita
424 3338 497 3414 sint,
512 3338 582 3401 veri
588 3336 772 3420 philosophi
786 3339 929 3402 animum
945 3361 1039 3402 suum
1053 3363 1073 3403 a
1085 3361 1156 3403 cor-

135 3421 226 3507 poris
241 3421 431 3486 eommereio
453 3421 585 3485 student
602 3441 737 3484 avocare
752 3428 785 3483 et
798 3419 994 3498 abstrahere,
1014 3423 1156 3506 adeoque

136 3517 273 3571 mortem
287 3505 493 3582 meditantur,
515 3504 542 3569 si
561 3503 691 3587 quidem
712 3514 779 3569 tota
793 3526 904 3570 eorum
919 3504 985 3570 vita
999 3505 1033 3570 in
1048 3529 1085 3571 eo
1100 3530 1155 3572 oc·

137 3599 255 3676 eupata
269 3599 329 3667 est,
350 3600 388 3653 ut
402 3588 528 3654 animus
547 3588 704 3673 ipsorum,
724 3611 891 3677 aoorpore
908 3590 1042 3668 solutus,
1058 3613 1154 3675 quam

136 3675 205 3741 fieri
220 3684 330 3760 potest
349 3672 532 3739 liberrimus
546 3672 728 3758 evadatfl).

186 3954 535 4019 uRmo,mA

170 4046 211 4110 **)
230 4049 261 4098 P.
281 4053 321 4097 64.
340 4049 374 4100 Α.
394 4061 424 4070 ”·
444 4055 483 4101 68.
501 4051 532 4100 Β.
