2604 4620
433 260 435 265 ·
495 241 543 307 sn
566 239 778 287 srnrosruu.
952 250 955 263 ·
1048 238 1139 284 amu

139 395 299 473 cumulati,
319 395 379 461 hoo
400 404 450 458 est
477 404 542 456 tarn
563 391 647 456 vitae
668 392 710 455 ad
730 391 873 469 ¹veritatis
887 391 1139 477 regulamcom-

182 480 260 547 sitae
279 481 443 555 honestate
465 498 560 561 quam
581 477 647 540 veri
667 476 888 561 perscrutandi
908 476 1012 541 studio
1026 499 1063 542 ac
1077 478 1140 542 sol·

151 567 231 632 ertia
250 564 405 652 insignis3
428 563 596 626 amatorias
617 583 692 626 vero
706 560 861 625 orationes
876 583 984 625 omnes
998 573 1141 625 nontam

136 640 179 717 ‘eo
197 652 355 737 pertinere
376 648 453 725 vult,
476 658 513 710 ιιι
533 656 709 731 exponatur
731 645 772 710 de
793 668 908 721 amore,
929 668 1023 728 quam
1036 647 1142 732 potius

141 758 188 813 eo,
214 746 251 800 ιιι
275 746 361 799 recte
387 731 568 817 inquirendi
603 729 655 795 via
680 731 914 795 demonstretur
940 731 986 815 (v.
1015 741 1142 815 praeter

140 820 203 885 alia
228 844 259 906 p.
279 819 343 884 324
364 839 433 901 sqq.
453 817 474 881 l.
493 816 549 902 l.);
580 838 656 879 nam
680 814 818 880 Phaedri
848 815 989 880 oratione
1016 815 1143 901 explodi

140 904 265 970 Tisiam
292 903 423 987 eiusque
454 900 654 986 disciplinam
680 899 729 987 (p.
744 901 836 965 2592
882 899 921 986 .);
951 900 1144 965 Pausaniam

139 990 321 1074 loquentem
341 984 460 1063 induci,
503 1008 545 1051 uo
566 984 760 1072 Protagoras
781 921 986 1071 velliippias
1007 984 1143 1051 vel-Xe·

140 1072 270 1160 nophon
301 1081 450 1172 carpatur
480 1009 528 1156 dp.
549 1069 652 1156 265.>;
687 1068 747 1135 sub
773 1067 980 1152 Eryximaehi
1008 1076 1145 1156 persona

140 1160 238 1225 latere
260 1155 414 1243 Hippiam
434 1154 548 1221 Eleum
569 1154 617 1238 (p.
639 1153 747 1241 270.);
777 1153 1027 1239 Aristophanem
1049 1177 1144 1243 agere

142 1241 272 1309 Prodici
292 1253 400 1327 partes
413 1241 447 1304 in
467 1239 620 1304 rimandis
633 1237 803 1303 verborum
824 1239 1060 1305 discriminibus
1077 1250 1146 1304 stn-

142 1327 230 1393 diose
251 1325 369 1392 versati
391 1325 438 1411 (p.
454 1323 560 1408 280.);
583 1322 764 1411 Agathonis
785 1323 926 1388 oratione
941 1324 1043 1389 notari
1059 1321 1145 1389 Gor-

143 1412 215 1501 giae
246 1411 487 1498 perversitatem
495 1410 573 1556 RSp.
606 1408 678 1474 284.
716 1433 724 1484 3
762 1407 896 1493 denique
932 1431 973 1473 ne
1003 1406 1144 1474 Socratis

141 1495 272 1582 quidem
297 1495 470 1560 orationem
561 1515 579 1557 e
624 1491 781 1558 licandam
807 1492 949 1558 Platonis
975 1494 1015 1559 de
1042 1515 1146 1559 amore

143 1578 332 1647 sententiam
352 1579 522 1664 pertinere,
633 1577 726 1642 unice
748 1599 785 1641 eo
806 1589 962 1662 spectare,
983 1590 1021 1642 ut
1035 1580 1083 1645 dis
1107 1603 1145 1645 u-

144 1665 260 1730 tatione
285 1663 325 1729 ab
352 1686 390 1727 eo
417 1661 571 1738 instituta,
599 1682 680 1743 quae
709 1661 926 1747 superioribus
951 1603 1146 1729 orationilus

144 1749 292 1835 opposita
319 1747 375 1825 sit,
407 1758 566 1829 tamquam
586 1745 701 1809 illustri
727 1746 872 1831 exemplo
905 1748 1147 1825 demonstretur,

145 1845 230 1899 recta
251 1844 282 1896 et
302 1854 378 1897 vera
397 1829 571 1914 quaerendi
583 1830 665 1894 ratio
680 1829 783 1913 qualis
804 1852 875 1895 esse
894 1831 1008 1896 debeat
1027 1833 1074 1931 (p.
1085 1835 1148 1897 304

147 1918 243 2004 sqq.).
282 1915 375 1981 Haec
399 1916 410 1979 i
436 1915 498 1979 'tur
526 1914 771 1992 thckertus,
803 1935 884 1998 quae
916 1917 942 1981 si
967 1918 1146 1995 sciscitaris,

146 2002 239 2087 ecqui
270 2001 363 2066 nobis
390 2010 551 2087 peceant,
582 1997 659 2082 qnid
687 2001 945 2085 respondeamus,
978 2002 1087 2086 utique
1114 2004 1148 2067 in

145 2098 274 2174 promtu
286 2085 450 2150 habemus.
472 2083 555 2149 Nam
570 2106 680 2168 quum·
704 2085 818 2148 lurima
835 2085 870 2150 in
883 2085 924 2151 iis
938 2086 1046 2165 insint,
1067 2110 1148 2172 quae

147 2196 168 2236 a
188 2171 331 2237 veritatis
352 2167 621 2234 rationibusideo
634 2106 803 2235 abliorrere
822 2171 978 2250 videntur,
1001 2174 1075 2258 quia
1088 2197 1147 2273 po·

149 2257 212 2320 tius
233 2277 320 2320 mero
342 2254 495 2321 arbitratu
522 2254 626 2340 posita
642 2265 737 2338 atque
758 2255 890 2321 conficta
909 2278 1004 2340 quam
1022 2280 1063 2322 ex
1076 2259 1148 2323 lrm-

147 2340 233 2428 pidis
253 2340 414 2406 doctrinae
435 2338 577 2404 fontibus
595 2338 710 2404 hausta
723 2351 807 2418 sunt,
830 2353 896 2405 tum
913 2343 1058 2428 inprimis
1071 2344 1148 2409 illud

147 2446 303 2514 perquam
328 2426 444 2489 mirum
463 2424 588 2502 accidit,
611 2424 706 2508 quod,
734 2424 979 2491 Riickertum
1006 2429 1033 2492 si
1056 2429 1149 2492 audi·

148 2533 229 2590 mus,
251 2532 350 2595 quum
371 2509 463 2576 Plato
483 2508 648 2593 loquentes
667 2509 708 2574 ab
734 2509 823 2575 initio
843 2513 1007 2594 usquead
1031 2513 1150 2578 exitum

133 2594 222 2674 ,hini
236 2595 275 2660 de
292 2616 398 2660 amore
415 2595 579 2681 disputare
594 2593 733 2672 iusserit,
754 2605 858 2660 tamen
875 2608 1035 2681 postremo
1049 2600 1151 2664 omnis

148 2682 214 2746 lere
235 2681 408 2768 disputatio
429 2702 493 2746 non
515 2681 556 2744 ad
576 2679 661 2744 hunc
680 2679 796 2765 ipsum,
823 2681 881 2746 sed
900 2682 942 2745 ad
963 2683 1024 2747 alia
1045 2684 1150 2748 omnia

151 2775 294 2852 spectare
317 2765 526 2831 existimanda
546 2775 604 2829 est.
638 2760 735 2847 Quod
755 2765 828 2849 quis
847 2776 897 2831 est
916 2766 970 2850 qui
993 2767 1054 2833 sibi
1075 2790 1149 2853 per·
1215 2778 1221 2787 ‘

134 2850 284 2914 ‚suadeat
304 2849 355 2914 vel
376 2850 533 2914 tantillum
552 2849 668 2914 habere
689 2850 991 2920 verisimilitudinis?
1013 2852 1151 2916 Accedit

150 2933 223 3009 huc,
249 2932 334 3015 quod
355 2933 416 2997 viri
437 2933 635 3019 sagacissimi
655 2934 776 2998 ratione
797 2932 931 3018 probata
950 2936 1004 2999 vix
1026 2937 1150 3021 perspi·
1250 2932 1266 3029 Γ

152 3014 247 3092 citur,
279 3017 445 3098 quomodo·
462 3017 560 3080 totius
594 3018 699 3103 operis
724 3028 829 3102 partes
857 3029 930 3102 apte
956 3019 1040 3082 inter
1064 3020 1152 3105 ipsas

151 3098 349 3176 cohaereant,
369 3110 406 3164 ut
427 3100 456 3164 ei
476 3098 618 3198 profecto
637 3101 740 3164 omnis
761 3121 835 3164 vere
855 3101 1043 3167 artificiosae
1064 3125 1151 3168 eom-

153 3183 320 3270 positionis
346 3183 416 3249 laus
443 3184 612 3270 enpienda·
634 3184 787 3248 videatur.
827 3183 950 3251 Verum
971 3188 1055 3252 enim
1075 3210 1152 3254 vero

152 3291 253 3369 quum
275 3268 389 3334 merito
416 3267 613 3355 ingeniosam
639 3266 827 3334 Rflekerti
851 3271 1018 3337 audaciam
1043 3274 1151 3340 mirari

152 3354 258 3430 liceat,
280 3363 386 3418 tamen
406 3376 470 3418 non
491 3353 602 3441 delinit,
622 3352 677 3438 qui
689 3354 796 3454 ipsum
811 3354 872 3421 hoo
885 3356 1014 3439 quidem
1025 3359 1153 3424 nomina

153 3439 249 3504 etiarn
270 3439 395 3504 vincere
410 3451 443 3504 et
457 3460 608 3526 superare.
617 3449 842 3505 eonmteretur.
863 3439 927 3506 Est
938 3441 967 3506 is
980 3443 1023 3508 A.
1036 3442 1151 3509 Hom-

153 3524 309 3600 melius,
331 3524 440 3607 quiin
461 3524 556 3590 Prole
580 3546 673 3588 omm.
701 3523 743 3588 ad
767 3546 836 3589 eam
861 3547 957 3609 quam
982 3528 1058 3593 feeit
1083 3530 1151 3595 edi-

155 3610 270 3673 tionem
286 3606 460 3694 Symposii,
481 3547 595 3695 ampds
608 3606 694 3673 illam
707 3610 939 3676 commentariis
952 3612 1151 3692 instructam,

155 3693 196 3756 de
217 3694 322 3778 operis
342 3692 441 3759 totius
461 3704 529 3759 arte
553 3705 586 3759 et
610 3695 834 3781 compositione
861 3696 964 3761 fusius
992 3698 1152 3762 disseruit

158 3773 287 3863 Quippe
337 3789 407 3843 utat
435 3777 839 3845 Hommelius-Phaedri
866 3782 1006 3846 oratione
1026 3782 1151 3865 mytho·
1235 3817 1238 3823 ,

156 3860 283 3946 logiam,
325 3865 476 3929 arsaniae
489 3863 650 3950 politicen,
664 3862 870 3949 Eryximachi
882 3866 1058 3945 scientiam,
1073 3865 1153 3928 Ari·

158 3944 322 4030 stophanis
352 3959 452 4014 artem
478 3949 724 4035 repraesentari3
756 3950 872 4035 quibus
904 3949 1034 4034 quidem
1057 3949 1153 4016 rebus

158 4029 308 4114 quoniam
326 4033 474 4101 universa
494 4033 620 4120 generis
640 4034 769 4102 humani
789 4035 854 4102 rita
875 4034 1066 4112 absolvatur,
1091 4034 1153 4102 du·
