<?xml version="1.0" encoding="UTF-8"?>
<!DOCTYPE html PUBLIC "-//W3C//DTD XHTML 1.0 Transitional//EN"
    "http://www.w3.org/TR/xhtml1/DTD/xhtml1-transitional.dtd">
<html xmlns="http://www.w3.org/1999/xhtml" xml:lang="en" lang="en">
 <head>
  <title>
</title>
<meta http-equiv="Content-Type" content="text/html;charset=utf-8" />
  <meta name='ocr-system' content='tesseract 3.04.00' />
  <meta name='ocr-capabilities' content='ocr_page ocr_carea ocr_par ocr_line ocrx_word'/>
</head>
<body>
  <div class='ocr_page' id='page_1' title='image "./platonisoperaom00stalgoog_0365.png"; bbox 0 0 2604 4620; ppageno 0'>
   <div class='ocr_carea' id='block_1_1' title="bbox 136 214 793 265">
    <p class='ocr_par' dir='ltr' id='par_1_1' title="bbox 136 214 793 265">
     <span class='ocr_line' id='line_1_1' title="bbox 136 214 793 265; baseline -0.005 -1"><span class='ocrx_word' id='word_1_1' title='bbox 136 217 201 265; x_wconf 87' lang='lat' dir='ltr'>VIII</span> <span class='ocrx_word' id='word_1_2' title='bbox 525 214 793 261; x_wconf 79' lang='lat' dir='ltr'>PROLEGOMENA</span> 
     </span>
    </p>
   </div>
   <div class='ocr_carea' id='block_1_2' title="bbox 85 365 1158 1913">
    <p class='ocr_par' dir='ltr' id='par_1_2' title="bbox 85 365 1158 1913">
     <span class='ocr_line' id='line_1_2' title="bbox 135 365 1155 452; baseline -0.003 -19"><span class='ocrx_word' id='word_1_3' title='bbox 135 368 242 434; x_wconf 90' lang='lat' dir='ltr'>cuisse</span> <span class='ocrx_word' id='word_1_4' title='bbox 263 377 387 434; x_wconf 88' lang='lat' dir='ltr'>constat</span> <span class='ocrx_word' id='word_1_5' title='bbox 408 365 619 432; x_wconf 89' lang='lat' dir='ltr'>arctissimam</span> <span class='ocrx_word' id='word_1_6' title='bbox 640 389 713 433; x_wconf 93' lang='lat' dir='ltr'>cum</span> <span class='ocrx_word' id='word_1_7' title='bbox 732 368 810 433; x_wconf 85' lang='lat' dir='ltr'>¹vero</span> <span class='ocrx_word' id='word_1_8' title='bbox 830 375 927 452; x_wconf 86' lang='lat' dir='ltr'>atque</span> <span class='ocrx_word' id='word_1_9' title='bbox 947 366 1041 439; x_wconf 91' lang='lat' dir='ltr'>bono</span> <span class='ocrx_word' id='word_1_10' title='bbox 1055 371 1155 441; x_wconf 85' lang='lat' dir='ltr'>inter.</span> 
     </span>
     <span class='ocr_line' id='line_1_3' title="bbox 85 442 1156 600; baseline 0.001 -81"><span class='ocrx_word' id='word_1_11' title='bbox 85 444 97 471; x_wconf 84' lang='lat'><em>&#39;</em></span> <span class='ocrx_word' id='word_1_12' title='bbox 136 453 248 519; x_wconf 78' lang='lat' dir='ltr'>cedere</span> <span class='ocrx_word' id='word_1_13' title='bbox 270 452 557 600; x_wconf 34' lang='lat' dir='ltr'>necessitudinem&amp;</span> <span class='ocrx_word' id='word_1_14' title='bbox 593 442 660 516; x_wconf 84' lang='lat' dir='ltr'>Se&#39;d</span> <span class='ocrx_word' id='word_1_15' title='bbox 680 452 948 553; x_wconf 77' lang='lat' dir='ltr'>qupmadmodum</span> <span class='ocrx_word' id='word_1_16' title='bbox 976 454 1019 557; x_wconf 74' lang='lat' dir='ltr'>de</span> <span class='ocrx_word' id='word_1_17' title='bbox 1049 462 1156 559; x_wconf 75' lang='lat' dir='ltr'>operis</span> 
     </span>
     <span class='ocr_line' id='line_1_4' title="bbox 135 544 1158 714; baseline 0.01 -27"><span class='ocrx_word' id='word_1_18' title='bbox 135 544 1158 714; x_wconf 46' lang='lat' dir='ltr'>{diffibulatsubtililitertlgflft</span> 
     </span>
     <span class='ocr_line' id='line_1_5' title="bbox 136 706 1156 793; baseline 0.009 -21"><span class='ocrx_word' id='word_1_19' title='bbox 136 706 206 772; x_wconf 90' lang='lat' dir='ltr'>eius</span> <span class='ocrx_word' id='word_1_20' title='bbox 228 717 322 791; x_wconf 88' lang='lat' dir='ltr'>atque</span> <span class='ocrx_word' id='word_1_21' title='bbox 343 706 508 793; x_wconf 88' lang='lat' dir='ltr'>proposito</span> <span class='ocrx_word' id='word_1_22' title='bbox 529 706 694 771; x_wconf 89' lang='lat' dir='ltr'>hominum</span> <span class='ocrx_word' id='word_1_23' title='bbox 715 706 881 773; x_wconf 87' lang='lat' dir='ltr'>doctorum</span> <span class='ocrx_word' id='word_1_24' title='bbox 895 711 1077 779; x_wconf 86' lang='lat' dir='ltr'>sententiae</span> <span class='ocrx_word' id='word_1_25' title='bbox 1099 738 1156 781; x_wconf 87' lang='lat' dir='ltr'>ve-</span> 
     </span>
     <span class='ocr_line' id='line_1_6' title="bbox 135 789 1157 891; baseline 0.009 -35"><span class='ocrx_word' id='word_1_26' title='bbox 135 791 302 858; x_wconf 90' lang='lat' dir='ltr'>hementer</span> <span class='ocrx_word' id='word_1_27' title='bbox 322 791 407 858; x_wconf 89' lang='lat' dir='ltr'>inter</span> <span class='ocrx_word' id='word_1_28' title='bbox 428 815 462 857; x_wconf 90' lang='lat' dir='ltr'>se</span> <span class='ocrx_word' id='word_1_29' title='bbox 477 791 670 891; x_wconf 80' lang='lat' dir='ltr'>discrepant</span> <span class='ocrx_word' id='word_1_30' title='bbox 693 789 840 872; x_wconf 81' lang='lat' dir='ltr'>Quorum</span> <span class='ocrx_word' id='word_1_31' title='bbox 853 792 944 857; x_wconf 83' lang='lat' dir='ltr'>varia</span> <span class='ocrx_word' id='word_1_32' title='bbox 964 816 1004 861; x_wconf 90' lang='lat' dir='ltr'>ac</span> <span class='ocrx_word' id='word_1_33' title='bbox 1025 796 1157 865; x_wconf 84' lang='lat' dir='ltr'>diversa</span> 
     </span>
     <span class='ocr_line' id='line_1_7' title="bbox 135 874 1155 964; baseline 0.009 -23"><span class='ocrx_word' id='word_1_34' title='bbox 135 876 255 942; x_wconf 88' lang='lat' dir='ltr'>iudicia</span> <span class='ocrx_word' id='word_1_35' title='bbox 275 877 427 961; x_wconf 89' lang='lat' dir='ltr'>quoniam</span> <span class='ocrx_word' id='word_1_36' title='bbox 446 874 563 962; x_wconf 89' lang='lat' dir='ltr'>partim</span> <span class='ocrx_word' id='word_1_37' title='bbox 582 875 666 941; x_wconf 86' lang='lat' dir='ltr'>mfra</span> <span class='ocrx_word' id='word_1_38' title='bbox 680 876 751 942; x_wconf 89' lang='lat' dir='ltr'>loco</span> <span class='ocrx_word' id='word_1_39' title='bbox 764 877 995 964; x_wconf 76' lang='lat' dir='ltr'>opportuniore</span> <span class='ocrx_word' id='word_1_40' title='bbox 1009 882 1155 950; x_wconf 84' lang='lat' dir='ltr'>referen-</span> 
     </span>
     <span class='ocr_line' id='line_1_8' title="bbox 135 957 1155 1047; baseline 0.009 -21"><span class='ocrx_word' id='word_1_41' title='bbox 135 974 200 1040; x_wconf 88' lang='lat' dir='ltr'>tur,</span> <span class='ocrx_word' id='word_1_42' title='bbox 222 961 341 1047; x_wconf 88' lang='lat' dir='ltr'>partim</span> <span class='ocrx_word' id='word_1_43' title='bbox 361 983 497 1046; x_wconf 90' lang='lat' dir='ltr'>nupere</span> <span class='ocrx_word' id='word_1_44' title='bbox 544 960 625 1024; x_wconf 89' lang='lat' dir='ltr'>osita</span> <span class='ocrx_word' id='word_1_45' title='bbox 640 970 746 1026; x_wconf 88' lang='lat' dir='ltr'>sunta</span> <span class='ocrx_word' id='word_1_46' title='bbox 760 957 1063 1032; x_wconf 86' lang='lat' dir='ltr'>Susemihlio&#39;in</span> <span class='ocrx_word' id='word_1_47' title='bbox 1077 967 1155 1035; x_wconf 84' lang='lat' dir='ltr'>Phi·</span> 
     </span>
     <span class='ocr_line' id='line_1_9' title="bbox 134 1041 1153 1151; baseline 0.009 -41"><span class='ocrx_word' id='word_1_48' title='bbox 134 1046 242 1132; x_wconf 84' lang='lat' dir='ltr'>lologo</span> <span class='ocrx_word' id='word_1_49' title='bbox 265 1043 503 1111; x_wconf 87' lang='lat' dir='ltr'>Schneidewini</span> <span class='ocrx_word' id='word_1_50' title='bbox 557 1044 596 1110; x_wconf 87' lang='lat' dir='ltr'>ol.</span> <span class='ocrx_word' id='word_1_51' title='bbox 612 1043 670 1111; x_wconf 87' lang='lat' dir='ltr'>VI.</span> <span class='ocrx_word' id='word_1_52' title='bbox 689 1041 787 1111; x_wconf 85' lang='lat' dir='ltr'>Fasc.</span> <span class='ocrx_word' id='word_1_53' title='bbox 801 1044 847 1111; x_wconf 89' lang='lat' dir='ltr'>H.</span> <span class='ocrx_word' id='word_1_54' title='bbox 887 1047 974 1112; x_wconf 73' lang='lat'>,177</span> <span class='ocrx_word' id='word_1_55' title='bbox 989 1071 1073 1151; x_wconf 66' lang='lat' dir='ltr'>sqq„</span> <span class='ocrx_word' id='word_1_56' title='bbox 1095 1076 1153 1120; x_wconf 94' lang='lat' dir='ltr'>no-</span> 
     </span>
     <span class='ocr_line' id='line_1_10' title="bbox 135 1068 1154 1231; baseline 0.008 -36"><span class='ocrx_word' id='word_1_57' title='bbox 135 1129 243 1195; x_wconf 90' lang='lat' dir='ltr'>lumus</span> <span class='ocrx_word' id='word_1_58' title='bbox 265 1128 318 1195; x_wconf 89' lang='lat' dir='ltr'>hio</span> <span class='ocrx_word' id='word_1_59' title='bbox 339 1130 379 1195; x_wconf 93' lang='lat' dir='ltr'>de</span> <span class='ocrx_word' id='word_1_60' title='bbox 400 1128 482 1193; x_wconf 90' lang='lat' dir='ltr'>mira</span> <span class='ocrx_word' id='word_1_61' title='bbox 501 1129 564 1194; x_wconf 91' lang='lat' dir='ltr'>ista</span> <span class='ocrx_word' id='word_1_62' title='bbox 585 1151 623 1195; x_wconf 87' lang='lat' dir='ltr'>ac</span> <span class='ocrx_word' id='word_1_63' title='bbox 643 1152 744 1231; x_wconf 85' lang='lat' dir='ltr'>prope</span> <span class='ocrx_word' id='word_1_64' title='bbox 764 1068 944 1198; x_wconf 80' lang='lat' dir='ltr'>incredibili</span> <span class='ocrx_word' id='word_1_65' title='bbox 964 1154 1154 1219; x_wconf 88' lang='lat' dir='ltr'>opmronum</span> 
     </span>
     <span class='ocr_line' id='line_1_11' title="bbox 136 1213 1154 1303; baseline 0.008 -23"><span class='ocrx_word' id='word_1_66' title='bbox 136 1214 336 1281; x_wconf 82' lang='lat' dir='ltr'>dissensione</span> <span class='ocrx_word' id='word_1_67' title='bbox 358 1214 518 1301; x_wconf 84' lang='lat' dir='ltr'>explicare</span> <span class='ocrx_word' id='word_1_68' title='bbox 540 1213 711 1300; x_wconf 77' lang='lat' dir='ltr'>copiosius.</span> <span class='ocrx_word' id='word_1_69' title='bbox 732 1214 942 1303; x_wconf 80' lang='lat' dir='ltr'>Propositum</span> <span class='ocrx_word' id='word_1_70' title='bbox 958 1218 1046 1285; x_wconf 91' lang='lat' dir='ltr'>enim</span> <span class='ocrx_word' id='word_1_71' title='bbox 1065 1244 1154 1288; x_wconf 89' lang='lat' dir='ltr'>nuno</span> 
     </span>
     <span class='ocr_line' id='line_1_12' title="bbox 136 1299 1151 1387; baseline 0.007 -22"><span class='ocrx_word' id='word_1_72' title='bbox 136 1299 170 1365; x_wconf 92' lang='lat' dir='ltr'>id</span> <span class='ocrx_word' id='word_1_73' title='bbox 196 1322 297 1365; x_wconf 91' lang='lat' dir='ltr'>uuum</span> <span class='ocrx_word' id='word_1_74' title='bbox 324 1308 387 1378; x_wconf 91' lang='lat' dir='ltr'>est,</span> <span class='ocrx_word' id='word_1_75' title='bbox 416 1311 454 1364; x_wconf 93' lang='lat' dir='ltr'>ut</span> <span class='ocrx_word' id='word_1_76' title='bbox 480 1307 553 1363; x_wconf 86' lang='lat' dir='ltr'>ante</span> <span class='ocrx_word' id='word_1_77' title='bbox 579 1299 686 1365; x_wconf 92' lang='lat' dir='ltr'>omnia</span> <span class='ocrx_word' id='word_1_78' title='bbox 711 1308 853 1366; x_wconf 84' lang='lat' dir='ltr'>nostram</span> <span class='ocrx_word' id='word_1_79' title='bbox 877 1300 1025 1387; x_wconf 91' lang='lat' dir='ltr'>ipsorum</span> <span class='ocrx_word' id='word_1_80' title='bbox 1052 1305 1093 1372; x_wconf 93' lang='lat' dir='ltr'>de</span> <span class='ocrx_word' id='word_1_81' title='bbox 1115 1329 1151 1372; x_wconf 91' lang='lat' dir='ltr'>re</span> 
     </span>
     <span class='ocr_line' id='line_1_13' title="bbox 136 1384 1148 1475; baseline 0.006 -26"><span class='ocrx_word' id='word_1_82' title='bbox 136 1385 277 1449; x_wconf 87' lang='lat' dir='ltr'>maxime</span> <span class='ocrx_word' id='word_1_83' title='bbox 292 1393 495 1450; x_wconf 87' lang='lat' dir='ltr'>controversa</span> <span class='ocrx_word' id='word_1_84' title='bbox 510 1384 698 1450; x_wconf 77' lang='lat' dir='ltr'>sententiam</span> <span class='ocrx_word' id='word_1_85' title='bbox 710 1385 949 1471; x_wconf 88' lang='lat' dir='ltr'>patefaciamus.</span> <span class='ocrx_word' id='word_1_86' title='bbox 965 1384 1069 1470; x_wconf 83' lang='lat' dir='ltr'>Quod</span> <span class='ocrx_word' id='word_1_87' title='bbox 1080 1389 1148 1475; x_wconf 87' lang='lat' dir='ltr'>qui·</span> 
     </span>
     <span class='ocr_line' id='line_1_14' title="bbox 138 1467 1152 1557; baseline 0.007 -23"><span class='ocrx_word' id='word_1_88' title='bbox 138 1469 212 1534; x_wconf 94' lang='lat' dir='ltr'>dem</span> <span class='ocrx_word' id='word_1_89' title='bbox 233 1469 280 1533; x_wconf 91' lang='lat' dir='ltr'>ita</span> <span class='ocrx_word' id='word_1_90' title='bbox 293 1469 399 1534; x_wconf 90' lang='lat' dir='ltr'>facere</span> <span class='ocrx_word' id='word_1_91' title='bbox 414 1469 555 1533; x_wconf 89' lang='lat' dir='ltr'>animum</span> <span class='ocrx_word' id='word_1_92' title='bbox 568 1467 764 1549; x_wconf 86' lang='lat' dir='ltr'>induximus,</span> <span class='ocrx_word' id='word_1_93' title='bbox 786 1479 824 1534; x_wconf 90' lang='lat' dir='ltr'>ut</span> <span class='ocrx_word' id='word_1_94' title='bbox 839 1470 981 1557; x_wconf 88' lang='lat' dir='ltr'>primum</span> <span class='ocrx_word' id='word_1_95' title='bbox 996 1494 1152 1541; x_wconf 86' lang='lat' dir='ltr'>summam</span> 
     </span>
     <span class='ocr_line' id='line_1_15' title="bbox 137 1552 1153 1645; baseline 0.008 -27"><span class='ocrx_word' id='word_1_96' title='bbox 137 1553 222 1619; x_wconf 89' lang='lat' dir='ltr'>dialo</span> <span class='ocrx_word' id='word_1_97' title='bbox 248 1552 394 1641; x_wconf 82' lang='lat' dir='ltr'>‘paucis</span> <span class='ocrx_word' id='word_1_98' title='bbox 413 1553 598 1632; x_wconf 87' lang='lat' dir='ltr'>referamus,</span> <span class='ocrx_word' id='word_1_99' title='bbox 620 1553 735 1621; x_wconf 88' lang='lat' dir='ltr'>deinde</span> <span class='ocrx_word' id='word_1_100' title='bbox 756 1575 832 1621; x_wconf 90' lang='lat' dir='ltr'>vero</span> <span class='ocrx_word' id='word_1_101' title='bbox 853 1554 894 1620; x_wconf 90' lang='lat' dir='ltr'>de</span> <span class='ocrx_word' id='word_1_102' title='bbox 916 1556 1029 1645; x_wconf 86' lang='lat' dir='ltr'>scripti</span> <span class='ocrx_word' id='word_1_103' title='bbox 1042 1559 1107 1627; x_wconf 85' lang='lat' dir='ltr'>fine</span> <span class='ocrx_word' id='word_1_104' title='bbox 1121 1573 1153 1628; x_wconf 90' lang='lat' dir='ltr'>et</span> 
     </span>
     <span class='ocr_line' id='line_1_16' title="bbox 138 1575 1154 1727; baseline 0.007 -23"><span class='ocrx_word' id='word_1_105' title='bbox 138 1575 258 1705; x_wconf 67' lang='lat' dir='ltr'>cerredi</span> <span class='ocrx_word' id='word_1_106' title='bbox 286 1648 496 1724; x_wconf 84' lang='lat' dir='ltr'>exponamus.</span> <span class='ocrx_word' id='word_1_107' title='bbox 520 1636 593 1719; x_wconf 83' lang='lat' dir='ltr'>Quo</span> <span class='ocrx_word' id='word_1_108' title='bbox 607 1639 690 1704; x_wconf 69' lang='lat' dir='ltr'>beto</span> <span class='ocrx_word' id='word_1_109' title='bbox 710 1639 807 1707; x_wconf 88' lang='lat' dir='ltr'>etiam</span> <span class='ocrx_word' id='word_1_110' title='bbox 819 1639 861 1705; x_wconf 90' lang='lat' dir='ltr'>de</span> <span class='ocrx_word' id='word_1_111' title='bbox 876 1639 947 1707; x_wconf 88' lang='lat' dir='ltr'>aliis</span> <span class='ocrx_word' id='word_1_112' title='bbox 960 1641 1154 1727; x_wconf 89' lang='lat' dir='ltr'>quibusdam</span> 
     </span>
     <span class='ocr_line' id='line_1_17' title="bbox 138 1722 1153 1794; baseline 0.006 -6"><span class='ocrx_word' id='word_1_113' title='bbox 138 1722 235 1789; x_wconf 89' lang='lat' dir='ltr'>rebus</span> <span class='ocrx_word' id='word_1_114' title='bbox 257 1722 498 1789; x_wconf 81' lang='lat' dir='ltr'>admonebimus</span> <span class='ocrx_word' id='word_1_115' title='bbox 519 1723 561 1788; x_wconf 89' lang='lat' dir='ltr'>ad</span> <span class='ocrx_word' id='word_1_116' title='bbox 581 1723 650 1788; x_wconf 90' lang='lat' dir='ltr'>eius</span> <span class='ocrx_word' id='word_1_117' title='bbox 671 1723 809 1790; x_wconf 89' lang='lat' dir='ltr'>rationes</span> <span class='ocrx_word' id='word_1_118' title='bbox 826 1724 1041 1794; x_wconf 86' lang='lat' dir='ltr'>aestimandas</span> <span class='ocrx_word' id='word_1_119' title='bbox 1056 1738 1088 1793; x_wconf 91' lang='lat' dir='ltr'>et</span> <span class='ocrx_word' id='word_1_120' title='bbox 1101 1729 1153 1794; x_wconf 91' lang='lat' dir='ltr'>iu·</span> 
     </span>
     <span class='ocr_line' id='line_1_18' title="bbox 138 1807 1152 1913; baseline 0.004 -40"><span class='ocrx_word' id='word_1_121' title='bbox 138 1807 303 1887; x_wconf 88' lang='lat' dir='ltr'>dicandas,</span> <span class='ocrx_word' id='word_1_122' title='bbox 331 1819 368 1873; x_wconf 92' lang='lat' dir='ltr'>ut</span> <span class='ocrx_word' id='word_1_123' title='bbox 390 1830 564 1913; x_wconf 69' lang='lat' dir='ltr'>speraprus,</span> <span class='ocrx_word' id='word_1_124' title='bbox 593 1807 680 1874; x_wconf 87' lang='lat' dir='ltr'>haud</span> <span class='ocrx_word' id='word_1_125' title='bbox 700 1807 870 1875; x_wconf 90' lang='lat' dir='ltr'>inutilibus</span> <span class='ocrx_word' id='word_1_126' title='bbox 891 1810 1016 1876; x_wconf 88' lang='lat' dir='ltr'>futuris.</span> <span class='ocrx_word' id='word_1_127' title='bbox 1050 1810 1096 1876; x_wconf 88' lang='lat' dir='ltr'>Et</span> <span class='ocrx_word' id='word_1_128' title='bbox 1115 1815 1152 1878; x_wconf 90' lang='lat' dir='ltr'>in</span> 
     </span>
    </p>
   </div>
   <div class='ocr_carea' id='block_1_3' title="bbox 138 1891 1150 2066">
    <p class='ocr_par' dir='ltr' id='par_1_3' title="bbox 138 1891 1150 2066">
     <span class='ocr_line' id='line_1_19' title="bbox 138 1891 1150 2044; baseline 0.001 -85"><span class='ocrx_word' id='word_1_129' title='bbox 138 1904 327 2043; x_wconf 42' lang='lat' dir='ltr'>affiumento</span> <span class='ocrx_word' id='word_1_130' title='bbox 358 1893 488 1978; x_wconf 90' lang='lat' dir='ltr'>qu1dem</span> <span class='ocrx_word' id='word_1_131' title='bbox 518 1891 593 1957; x_wconf 86' lang='lat' dir='ltr'>libri</span> <span class='ocrx_word' id='word_1_132' title='bbox 624 1893 801 1970; x_wconf 80' lang='lat' dir='ltr'>enarrando</span> <span class='ocrx_word' id='word_1_133' title='bbox 833 1895 947 1961; x_wconf 88' lang='lat' dir='ltr'>ducem</span> <span class='ocrx_word' id='word_1_134' title='bbox 978 1914 1150 2044; x_wconf 65' lang='lat' dir='ltr'>sequemur</span> 
     </span>
     <span class='ocr_line' id='line_1_20' title="bbox 191 1975 1145 2066; baseline 0.003 -24"><span class='ocrx_word' id='word_1_135' title='bbox 191 1977 507 2064; x_wconf 90' lang='lat' dir='ltr'>yttenbachium,</span> <span class='ocrx_word' id='word_1_136' title='bbox 530 1978 586 2061; x_wconf 90' lang='lat' dir='ltr'>qui</span> <span class='ocrx_word' id='word_1_137' title='bbox 604 1975 688 2042; x_wconf 87' lang='lat' dir='ltr'>Bibl.</span> <span class='ocrx_word' id='word_1_138' title='bbox 709 1976 790 2043; x_wconf 83' lang='lat' dir='ltr'>crit.</span> <span class='ocrx_word' id='word_1_139' title='bbox 810 1978 884 2046; x_wconf 87' lang='lat' dir='ltr'>Vol.</span> <span class='ocrx_word' id='word_1_140' title='bbox 904 1979 932 2044; x_wconf 92' lang='grc' dir='ltr'>Ι.</span> <span class='ocrx_word' id='word_1_141' title='bbox 950 1976 988 2044; x_wconf 84' lang='grc' dir='ltr'>Ρ.</span> <span class='ocrx_word' id='word_1_142' title='bbox 1050 2000 1084 2066; x_wconf 87' lang='lat' dir='ltr'>p.</span> <span class='ocrx_word' id='word_1_143' title='bbox 1102 1980 1145 2046; x_wconf 84' lang='lat'>35</span> 
     </span>
    </p>
   </div>
   <div class='ocr_carea' id='block_1_4' title="bbox 139 2061 1155 2332">
    <p class='ocr_par' dir='ltr' id='par_1_4' title="bbox 139 2061 1155 2332">
     <span class='ocr_line' id='line_1_21' title="bbox 139 2061 1147 2150; baseline 0.005 -24"><span class='ocrx_word' id='word_1_144' title='bbox 139 2085 209 2147; x_wconf 86' lang='lat' dir='ltr'>sqq.</span> <span class='ocrx_word' id='word_1_145' title='bbox 230 2062 304 2127; x_wconf 90' lang='lat' dir='ltr'>libri</span> <span class='ocrx_word' id='word_1_146' title='bbox 324 2062 491 2127; x_wconf 88' lang='lat' dir='ltr'>materiam</span> <span class='ocrx_word' id='word_1_147' title='bbox 511 2062 674 2150; x_wconf 81' lang='lat' dir='ltr'>eleganter</span> <span class='ocrx_word' id='word_1_148' title='bbox 693 2061 729 2127; x_wconf 91' lang='lat' dir='ltr'>in</span> <span class='ocrx_word' id='word_1_149' title='bbox 749 2063 881 2130; x_wconf 83' lang='lat' dir='ltr'>brevius</span> <span class='ocrx_word' id='word_1_150' title='bbox 905 2062 1069 2143; x_wconf 81' lang='lat' dir='ltr'>contraxit,</span> <span class='ocrx_word' id='word_1_151' title='bbox 1085 2061 1147 2131; x_wconf 84' lang='lat' dir='ltr'>hoe</span> 
     </span>
     <span class='ocr_line' id='line_1_22' title="bbox 140 2145 1150 2237; baseline 0.006 -26"><span class='ocrx_word' id='word_1_152' title='bbox 140 2157 247 2212; x_wconf 78' lang='lat' dir='ltr'>tamen</span> <span class='ocrx_word' id='word_1_153' title='bbox 267 2145 410 2211; x_wconf 87' lang='lat' dir='ltr'>adhibito</span> <span class='ocrx_word' id='word_1_154' title='bbox 432 2156 693 2232; x_wconf 65' lang='lat' dir='ltr'>temperamenta</span> <span class='ocrx_word' id='word_1_155' title='bbox 715 2157 761 2227; x_wconf 91' lang='lat' dir='ltr'>ut,</span> <span class='ocrx_word' id='word_1_156' title='bbox 784 2148 812 2214; x_wconf 89' lang='lat' dir='ltr'>si</span> <span class='ocrx_word' id='word_1_157' title='bbox 832 2147 912 2234; x_wconf 92' lang='lat' dir='ltr'>quid</span> <span class='ocrx_word' id='word_1_158' title='bbox 931 2171 955 2214; x_wconf 91' lang='lat' dir='ltr'>a</span> <span class='ocrx_word' id='word_1_159' title='bbox 974 2148 1045 2216; x_wconf 83' lang='lat' dir='ltr'>viro</span> <span class='ocrx_word' id='word_1_160' title='bbox 1057 2170 1150 2237; x_wconf 80' lang='lat' dir='ltr'>egre-</span> 
     </span>
     <span class='ocr_line' id='line_1_23' title="bbox 139 2231 1155 2332; baseline 0.004 -36"><span class='ocrx_word' id='word_1_161' title='bbox 139 2231 196 2332; x_wconf 74' lang='lat' dir='ltr'>gio</span> <span class='ocrx_word' id='word_1_162' title='bbox 214 2232 475 2331; x_wconf 86' lang='lat' dir='ltr'>praetermissum</span> <span class='ocrx_word' id='word_1_163' title='bbox 495 2231 545 2310; x_wconf 85' lang='lat' dir='ltr'>sit,</span> <span class='ocrx_word' id='word_1_164' title='bbox 567 2231 654 2317; x_wconf 90' lang='lat' dir='ltr'>quod</span> <span class='ocrx_word' id='word_1_165' title='bbox 674 2233 835 2300; x_wconf 90' lang='lat' dir='ltr'>mentione</span> <span class='ocrx_word' id='word_1_166' title='bbox 849 2232 984 2319; x_wconf 81' lang='lat' dir='ltr'>dignum</span> <span class='ocrx_word' id='word_1_167' title='bbox 996 2233 1155 2313; x_wconf 82' lang='lat' dir='ltr'>videatur,</span> 
     </span>
    </p>
   </div>
   <div class='ocr_carea' id='block_1_5' title="bbox 79 2316 1158 2917">
    <p class='ocr_par' dir='ltr' id='par_1_5' title="bbox 79 2316 1158 2917">
     <span class='ocr_line' id='line_1_24' title="bbox 139 2316 1158 2409; baseline 0.005 -28"><span class='ocrx_word' id='word_1_168' title='bbox 139 2316 175 2381; x_wconf 85' lang='lat' dir='ltr'>rd</span> <span class='ocrx_word' id='word_1_169' title='bbox 195 2339 266 2382; x_wconf 84' lang='lat' dir='ltr'>erus</span> <span class='ocrx_word' id='word_1_170' title='bbox 286 2316 393 2383; x_wconf 85' lang='lat' dir='ltr'>verbis</span> <span class='ocrx_word' id='word_1_171' title='bbox 413 2316 641 2384; x_wconf 85' lang='lat' dir='ltr'>interseramus</span> <span class='ocrx_word' id='word_1_172' title='bbox 662 2317 715 2383; x_wconf 89' lang='lat' dir='ltr'>vel</span> <span class='ocrx_word' id='word_1_173' title='bbox 736 2317 932 2385; x_wconf 85' lang='lat' dir='ltr'>adiiciamus.</span> <span class='ocrx_word' id='word_1_174' title='bbox 969 2316 1036 2383; x_wconf 85' lang='lat' dir='ltr'>Est</span> <span class='ocrx_word' id='word_1_175' title='bbox 1055 2319 1158 2409; x_wconf 86' lang='lat' dir='ltr'>igitur</span> 
     </span>
     <span class='ocr_line' id='line_1_25' title="bbox 138 2399 469 2470; baseline -0.003 -1"><span class='ocrx_word' id='word_1_176' title='bbox 138 2399 213 2469; x_wconf 88' lang='lat' dir='ltr'>libri</span> <span class='ocrx_word' id='word_1_177' title='bbox 235 2424 360 2468; x_wconf 84' lang='lat' dir='ltr'>summa</span> <span class='ocrx_word' id='word_1_178' title='bbox 378 2402 469 2470; x_wconf 91' lang='lat' dir='ltr'>haec.</span> 
     </span>
     <span class='ocr_line' id='line_1_26' title="bbox 181 2484 1154 2574; baseline -0.002 -22"><span class='ocrx_word' id='word_1_179' title='bbox 181 2487 283 2569; x_wconf 79' lang='lat' dir='ltr'>Ducit</span> <span class='ocrx_word' id='word_1_180' title='bbox 296 2486 524 2574; x_wconf 90' lang='lat' dir='ltr'>Apollodorus,</span> <span class='ocrx_word' id='word_1_181' title='bbox 546 2487 603 2571; x_wconf 90' lang='lat' dir='ltr'>qui</span> <span class='ocrx_word' id='word_1_182' title='bbox 625 2484 836 2553; x_wconf 78' lang='lat' dir='ltr'>familiaribus</span> <span class='ocrx_word' id='word_1_183' title='bbox 855 2485 960 2553; x_wconf 86' lang='lat' dir='ltr'>omnia</span> <span class='ocrx_word' id='word_1_184' title='bbox 974 2485 1055 2551; x_wconf 79' lang='lat' dir='ltr'>hacc</span> <span class='ocrx_word' id='word_1_185' title='bbox 1074 2508 1154 2550; x_wconf 86' lang='lat' dir='ltr'>nar-</span> 
     </span>
     <span class='ocr_line' id='line_1_27' title="bbox 79 2567 1157 2651; baseline 0.001 -15"><span class='ocrx_word' id='word_1_186' title='bbox 79 2638 82 2651; x_wconf 67' lang='lat'>,</span> <span class='ocrx_word' id='word_1_187' title='bbox 139 2593 228 2637; x_wconf 89' lang='lat' dir='ltr'>rasse</span> <span class='ocrx_word' id='word_1_188' title='bbox 256 2572 381 2651; x_wconf 89' lang='lat' dir='ltr'>dieitur,</span> <span class='ocrx_word' id='word_1_189' title='bbox 409 2573 538 2639; x_wconf 90' lang='lat' dir='ltr'>initium</span> <span class='ocrx_word' id='word_1_190' title='bbox 565 2572 755 2639; x_wconf 87' lang='lat' dir='ltr'>narrationis</span> <span class='ocrx_word' id='word_1_191' title='bbox 783 2572 824 2638; x_wconf 92' lang='lat' dir='ltr'>ab</span> <span class='ocrx_word' id='word_1_192' title='bbox 848 2567 1065 2648; x_wconf 85' lang='lat' dir='ltr'>Aristodemo,</span> <span class='ocrx_word' id='word_1_193' title='bbox 1118 2572 1157 2637; x_wconf 91' lang='lat' dir='ltr'>ui</span> 
     </span>
     <span class='ocr_line' id='line_1_28' title="bbox 140 2591 1156 2756; baseline 0.002 -36"><span class='ocrx_word' id='word_1_194' title='bbox 140 2653 278 2734; x_wconf 89' lang='lat' dir='ltr'>Socrati,</span> <span class='ocrx_word' id='word_1_195' title='bbox 303 2667 432 2756; x_wconf 86' lang='lat' dir='ltr'>praeter</span> <span class='ocrx_word' id='word_1_196' title='bbox 457 2657 720 2724; x_wconf 87' lang='lat' dir='ltr'>consuetudinem</span> <span class='ocrx_word' id='word_1_197' title='bbox 745 2657 831 2723; x_wconf 87' lang='lat' dir='ltr'>lanto</span> <span class='ocrx_word' id='word_1_198' title='bbox 852 2654 1067 2738; x_wconf 62' lang='lat' dir='ltr'>calcatoque,</span> <span class='ocrx_word' id='word_1_199' title='bbox 1093 2591 1156 2722; x_wconf 71' lang='lat' dir='ltr'>db-</span> 
     </span>
     <span class='ocr_line' id='line_1_29' title="bbox 140 2737 1157 2832; baseline 0.003 -28"><span class='ocrx_word' id='word_1_200' title='bbox 140 2739 226 2805; x_wconf 87' lang='lat' dir='ltr'>viam</span> <span class='ocrx_word' id='word_1_201' title='bbox 240 2762 371 2808; x_wconf 85' lang='lat' dir='ltr'>vemens</span> <span class='ocrx_word' id='word_1_202' title='bbox 392 2765 466 2808; x_wconf 91' lang='lat' dir='ltr'>eum</span> <span class='ocrx_word' id='word_1_203' title='bbox 483 2742 672 2832; x_wconf 83' lang='lat' dir='ltr'>interrogat,</span> <span class='ocrx_word' id='word_1_204' title='bbox 692 2741 778 2808; x_wconf 91' lang='lat' dir='ltr'>unde</span> <span class='ocrx_word' id='word_1_205' title='bbox 798 2750 862 2805; x_wconf 87' lang='lat' dir='ltr'>tam</span> <span class='ocrx_word' id='word_1_206' title='bbox 876 2737 1007 2827; x_wconf 84' lang='lat' dir='ltr'>elegans</span> <span class='ocrx_word' id='word_1_207' title='bbox 1019 2751 1157 2826; x_wconf 90' lang='lat' dir='ltr'>repente</span> 
     </span>
     <span class='ocr_line' id='line_1_30' title="bbox 141 2814 1155 2917; baseline 0.002 -25"><span class='ocrx_word' id='word_1_208' title='bbox 141 2826 299 2893; x_wconf 85' lang='lat' dir='ltr'>exstiterit</span> <span class='ocrx_word' id='word_1_209' title='bbox 309 2826 353 2914; x_wconf 75' lang='lat'>*).</span> <span class='ocrx_word' id='word_1_210' title='bbox 390 2828 447 2893; x_wconf 91' lang='lat' dir='ltr'>Ad</span> <span class='ocrx_word' id='word_1_211' title='bbox 468 2826 685 2917; x_wconf 86' lang='lat' dir='ltr'>Agathonem,</span> <span class='ocrx_word' id='word_1_212' title='bbox 711 2814 816 2914; x_wconf 70' lang='lat' dir='ltr'>iuquit</span> <span class='ocrx_word' id='word_1_213' title='bbox 836 2822 999 2904; x_wconf 81' lang='lat' dir='ltr'>Socrates,</span> <span class='ocrx_word' id='word_1_214' title='bbox 1024 2825 1155 2912; x_wconf 88' lang='lat' dir='ltr'>profici-</span> 
     </span>
    </p>
   </div>
   <div class='ocr_carea' id='block_1_6' title="bbox 180 3017 1218 4104">
    <p class='ocr_par' dir='ltr' id='par_1_6' title="bbox 180 3017 1218 4104">
     <span class='ocr_line' id='line_1_31' title="bbox 180 3017 208 3085; baseline -0.003 53"><span class='ocrx_word' id='word_1_215' title='bbox 180 3017 208 3085; x_wconf 73' lang='lat'>*&gt;</span> 
     </span>
     <span class='ocr_line' id='line_1_32' title="bbox 225 3153 1155 3223; baseline -0.004 -17"><span class='ocrx_word' id='word_1_216' title='bbox 225 3157 283 3207; x_wconf 77' lang='lat' dir='ltr'>libri</span> <span class='ocrx_word' id='word_1_217' title='bbox 300 3158 358 3207; x_wconf 92' lang='lat' dir='ltr'>hoc.</span> <span class='ocrx_word' id='word_1_218' title='bbox 375 3158 560 3223; x_wconf 84' lang='lat' dir='ltr'>Apollodorus,</span> <span class='ocrx_word' id='word_1_219' title='bbox 578 3157 738 3207; x_wconf 87' lang='lat' dir='ltr'>fidelissimus</span> <span class='ocrx_word' id='word_1_220' title='bbox 751 3153 866 3206; x_wconf 80' lang='lat' dir='ltr'>Socratis</span> <span class='ocrx_word' id='word_1_221' title='bbox 882 3154 979 3206; x_wconf 75' lang='lat' dir='ltr'>amiam</span> <span class='ocrx_word' id='word_1_222' title='bbox 995 3160 1074 3217; x_wconf 85' lang='lat' dir='ltr'>atque</span> <span class='ocrx_word' id='word_1_223' title='bbox 1088 3167 1155 3203; x_wconf 77' lang='lat' dir='ltr'>asso-</span> 
     </span>
     <span class='ocr_line' id='line_1_33' title="bbox 227 3221 1154 3289; baseline -0.004 -17"><span class='ocrx_word' id='word_1_224' title='bbox 227 3231 308 3273; x_wconf 87' lang='lat' dir='ltr'>ctator</span> <span class='ocrx_word' id='word_1_225' title='bbox 325 3222 362 3288; x_wconf 89' lang='lat' dir='ltr'>(p.</span> <span class='ocrx_word' id='word_1_226' title='bbox 377 3230 432 3276; x_wconf 82' lang='lat'><strong>173.</strong></span> <span class='ocrx_word' id='word_1_227' title='bbox 443 3226 478 3276; x_wconf 90' lang='lat' dir='ltr'>D.</span> <span class='ocrx_word' id='word_1_228' title='bbox 489 3221 543 3289; x_wconf 85' lang='lat' dir='ltr'>E.)‚</span> <span class='ocrx_word' id='word_1_229' title='bbox 565 3227 625 3276; x_wconf 91' lang='lat' dir='ltr'>dum</span> <span class='ocrx_word' id='word_1_230' title='bbox 647 3223 815 3274; x_wconf 85' lang='lat' dir='ltr'>familiaribus</span> <span class='ocrx_word' id='word_1_231' title='bbox 836 3222 888 3274; x_wconf 85' lang='lat' dir='ltr'>suis</span> <span class='ocrx_word' id='word_1_232' title='bbox 909 3228 1052 3274; x_wconf 78' lang='lat' dir='ltr'>narraturus</span> <span class='ocrx_word' id='word_1_233' title='bbox 1069 3227 1107 3270; x_wconf 88' lang='lat' dir='ltr'>cst</span> <span class='ocrx_word' id='word_1_234' title='bbox 1123 3221 1154 3269; x_wconf 90' lang='lat' dir='ltr'>de</span> 
     </span>
     <span class='ocr_line' id='line_1_34' title="bbox 227 3286 1152 3356; baseline -0.001 -19"><span class='ocrx_word' id='word_1_235' title='bbox 227 3291 344 3340; x_wconf 80' lang='lat' dir='ltr'>convivio</span> <span class='ocrx_word' id='word_1_236' title='bbox 362 3293 394 3341; x_wconf 90' lang='lat' dir='ltr'>ab</span> <span class='ocrx_word' id='word_1_237' title='bbox 411 3293 557 3355; x_wconf 84' lang='lat' dir='ltr'>Agathone,</span> <span class='ocrx_word' id='word_1_238' title='bbox 575 3293 666 3342; x_wconf 84' lang='lat' dir='ltr'>iuvene</span> <span class='ocrx_word' id='word_1_239' title='bbox 683 3298 759 3356; x_wconf 88' lang='lat' dir='ltr'>poeta</span> <span class='ocrx_word' id='word_1_240' title='bbox 775 3291 880 3354; x_wconf 80' lang='lat' dir='ltr'>tragico,</span> <span class='ocrx_word' id='word_1_241' title='bbox 897 3296 1001 3354; x_wconf 81' lang='lat' dir='ltr'>propter</span> <span class='ocrx_word' id='word_1_242' title='bbox 1015 3286 1152 3346; x_wconf 64' lang='lat' dir='ltr'>victam,</span> 
     </span>
     <span class='ocr_line' id='line_1_35' title="bbox 227 3358 1153 3422; baseline -0.003 -16"><span class='ocrx_word' id='word_1_243' title='bbox 227 3371 304 3419; x_wconf 87' lang='lat' dir='ltr'>quam</span> <span class='ocrx_word' id='word_1_244' title='bbox 320 3359 404 3420; x_wconf 86' lang='lat' dir='ltr'>prima</span> <span class='ocrx_word' id='word_1_245' title='bbox 419 3359 506 3409; x_wconf 85' lang='lat' dir='ltr'>fabula</span> <span class='ocrx_word' id='word_1_246' title='bbox 522 3361 549 3410; x_wconf 94' lang='lat' dir='ltr'>in</span> <span class='ocrx_word' id='word_1_247' title='bbox 566 3366 694 3410; x_wconf 80' lang='lat' dir='ltr'>esttamen</span> <span class='ocrx_word' id='word_1_248' title='bbox 717 3358 854 3408; x_wconf 87' lang='lat' dir='ltr'>commissa</span> <span class='ocrx_word' id='word_1_249' title='bbox 872 3362 1050 3422; x_wconf 80' lang='lat' dir='ltr'>reportaverat,</span> <span class='ocrx_word' id='word_1_250' title='bbox 1072 3367 1153 3418; x_wconf 88' lang='lat' dir='ltr'>quon-</span> 
     </span>
     <span class='ocr_line' id='line_1_36' title="bbox 228 3421 1154 3492; baseline 0.003 -21"><span class='ocrx_word' id='word_1_251' title='bbox 228 3422 288 3472; x_wconf 86' lang='lat' dir='ltr'>dam</span> <span class='ocrx_word' id='word_1_252' title='bbox 305 3425 439 3486; x_wconf 81' lang='lat' dir='ltr'>celebrato,</span> <span class='ocrx_word' id='word_1_253' title='bbox 457 3428 498 3476; x_wconf 81' lang='lat' dir='ltr'>eui</span> <span class='ocrx_word' id='word_1_254' title='bbox 515 3443 593 3492; x_wconf 88' lang='lat' dir='ltr'>quum</span> <span class='ocrx_word' id='word_1_255' title='bbox 610 3426 684 3478; x_wconf 87' lang='lat' dir='ltr'>multi</span> <span class='ocrx_word' id='word_1_256' title='bbox 701 3427 753 3488; x_wconf 87' lang='lat' dir='ltr'>alii,</span> <span class='ocrx_word' id='word_1_257' title='bbox 770 3434 826 3476; x_wconf 88' lang='lat' dir='ltr'>tum</span> <span class='ocrx_word' id='word_1_258' title='bbox 843 3425 919 3476; x_wconf 88' lang='lat' dir='ltr'>etiam</span> <span class='ocrx_word' id='word_1_259' title='bbox 932 3425 1049 3476; x_wconf 80' lang='lat' dir='ltr'>Socrates</span> <span class='ocrx_word' id='word_1_260' title='bbox 1059 3429 1091 3473; x_wconf 84' lang='lat' dir='ltr'>-et</span> <span class='ocrx_word' id='word_1_261' title='bbox 1105 3421 1154 3473; x_wconf 88' lang='lat' dir='ltr'>Al·</span> 
     </span>
     <span class='ocr_line' id='line_1_37' title="bbox 229 3489 1155 3571; baseline 0.003 -34"><span class='ocrx_word' id='word_1_262' title='bbox 229 3489 339 3568; x_wconf 70' lang='lat' dir='ltr'>cibiades</span> <span class='ocrx_word' id='word_1_263' title='bbox 360 3492 526 3556; x_wconf 87' lang='lat' dir='ltr'>interfuerint,</span> <span class='ocrx_word' id='word_1_264' title='bbox 548 3511 604 3546; x_wconf 90' lang='lat' dir='ltr'>sese</span> <span class='ocrx_word' id='word_1_265' title='bbox 626 3495 718 3546; x_wconf 85' lang='lat' dir='ltr'>fatetur</span> <span class='ocrx_word' id='word_1_266' title='bbox 740 3496 773 3545; x_wconf 85' lang='lat' dir='ltr'>ad</span> <span class='ocrx_word' id='word_1_267' title='bbox 790 3509 847 3544; x_wconf 86' lang='lat' dir='ltr'>eam</span> <span class='ocrx_word' id='word_1_268' title='bbox 864 3508 918 3565; x_wconf 66' lang='lat' dir='ltr'>reu]</span> <span class='ocrx_word' id='word_1_269' title='bbox 934 3509 989 3544; x_wconf 90' lang='lat' dir='ltr'>non</span> <span class='ocrx_word' id='word_1_270' title='bbox 1005 3493 1155 3571; x_wconf 63' lang='lat' dir='ltr'>impafatum</span> 
     </span>
     <span class='ocr_line' id='line_1_38' title="bbox 228 3556 1155 3628; baseline 0.004 -24"><span class='ocrx_word' id='word_1_271' title='bbox 228 3556 270 3606; x_wconf 85' lang='lat' dir='ltr'>vel</span> <span class='ocrx_word' id='word_1_272' title='bbox 286 3558 478 3609; x_wconf 80' lang='lat' dir='ltr'>inexercitatum</span> <span class='ocrx_word' id='word_1_273' title='bbox 499 3565 626 3613; x_wconf 85' lang='lat' dir='ltr'>accedere.</span> <span class='ocrx_word' id='word_1_274' title='bbox 654 3563 722 3614; x_wconf 85' lang='lat' dir='ltr'>Nam</span> <span class='ocrx_word' id='word_1_275' title='bbox 744 3577 825 3628; x_wconf 89' lang='lat' dir='ltr'>nuper</span> <span class='ocrx_word' id='word_1_276' title='bbox 848 3565 951 3613; x_wconf 87' lang='lat' dir='ltr'>demum</span> <span class='ocrx_word' id='word_1_277' title='bbox 972 3562 1009 3610; x_wconf 86' lang='lat' dir='ltr'>ita</span> <span class='ocrx_word' id='word_1_278' title='bbox 1030 3558 1155 3617; x_wconf 79' lang='lat' dir='ltr'>accidisse,</span> 
     </span>
     <span class='ocr_line' id='line_1_39' title="bbox 228 3626 1157 3696; baseline -0.014 -8"><span class='ocrx_word' id='word_1_279' title='bbox 228 3633 265 3687; x_wconf 87' lang='lat' dir='ltr'>ut,</span> <span class='ocrx_word' id='word_1_280' title='bbox 288 3639 366 3688; x_wconf 88' lang='lat' dir='ltr'>quum</span> <span class='ocrx_word' id='word_1_281' title='bbox 384 3640 397 3675; x_wconf 93' lang='lat' dir='ltr'>e</span> <span class='ocrx_word' id='word_1_282' title='bbox 414 3626 524 3679; x_wconf 82' lang='lat' dir='ltr'>Phalera</span> <span class='ocrx_word' id='word_1_283' title='bbox 540 3631 568 3679; x_wconf 88' lang='lat' dir='ltr'>in</span> <span class='ocrx_word' id='word_1_284' title='bbox 584 3633 673 3682; x_wconf 87' lang='lat' dir='ltr'>urbem</span> <span class='ocrx_word' id='word_1_285' title='bbox 690 3631 895 3696; x_wconf 86' lang='lat' dir='ltr'>proficisceretur,</span> <span class='ocrx_word' id='word_1_286' title='bbox 917 3645 934 3679; x_wconf 89' lang='lat' dir='ltr'>a</span> <span class='ocrx_word' id='word_1_287' title='bbox 952 3629 1094 3689; x_wconf 82' lang='lat' dir='ltr'>Glaucone,</span> <span class='ocrx_word' id='word_1_288' title='bbox 1114 3627 1157 3691; x_wconf 90' lang='lat' dir='ltr'>qui</span> 
     </span>
     <span class='ocr_line' id='line_1_40' title="bbox 230 3693 1218 3764; baseline 0.003 -22"><span class='ocrx_word' id='word_1_289' title='bbox 230 3694 261 3743; x_wconf 91' lang='lat' dir='ltr'>de</span> <span class='ocrx_word' id='word_1_290' title='bbox 278 3693 324 3742; x_wconf 88' lang='lat' dir='ltr'>illo</span> <span class='ocrx_word' id='word_1_291' title='bbox 340 3694 457 3743; x_wconf 80' lang='lat' dir='ltr'>convivio</span> <span class='ocrx_word' id='word_1_292' title='bbox 474 3697 570 3759; x_wconf 86' lang='lat' dir='ltr'>aliquid</span> <span class='ocrx_word' id='word_1_293' title='bbox 587 3716 603 3750; x_wconf 81' lang='lat' dir='ltr'>a</span> <span class='ocrx_word' id='word_1_294' title='bbox 619 3699 757 3761; x_wconf 88' lang='lat' dir='ltr'>Phoenice,</span> <span class='ocrx_word' id='word_1_295' title='bbox 775 3699 888 3764; x_wconf 89' lang='lat' dir='ltr'>Philippi</span> <span class='ocrx_word' id='word_1_296' title='bbox 904 3699 968 3759; x_wconf 85' lang='lat' dir='ltr'>filio,</span> <span class='ocrx_word' id='word_1_297' title='bbox 986 3695 1156 3761; x_wconf 86' lang='lat' dir='ltr'>comperisset,</span> <span class='ocrx_word' id='word_1_298' title='bbox 1212 3713 1218 3725; x_wconf 90' lang='lat'><strong>·</strong></span> 
     </span>
     <span class='ocr_line' id='line_1_41' title="bbox 229 3762 1157 3832; baseline 0.001 -20"><span class='ocrx_word' id='word_1_299' title='bbox 229 3777 261 3812; x_wconf 90' lang='lat' dir='ltr'>eo</span> <span class='ocrx_word' id='word_1_300' title='bbox 278 3762 381 3812; x_wconf 90' lang='lat' dir='ltr'>nomine</span> <span class='ocrx_word' id='word_1_301' title='bbox 398 3764 563 3825; x_wconf 83' lang='lat' dir='ltr'>compellatus</span> <span class='ocrx_word' id='word_1_302' title='bbox 581 3771 696 3832; x_wconf 78' lang='lat' dir='ltr'>adeoque</span> <span class='ocrx_word' id='word_1_303' title='bbox 713 3769 794 3818; x_wconf 85' lang='lat' dir='ltr'>enixis</span> <span class='ocrx_word' id='word_1_304' title='bbox 811 3775 916 3831; x_wconf 84' lang='lat' dir='ltr'>rogatus</span> <span class='ocrx_word' id='word_1_305' title='bbox 932 3765 1051 3830; x_wconf 86' lang='lat' dir='ltr'>precibus</span> <span class='ocrx_word' id='word_1_306' title='bbox 1067 3764 1108 3826; x_wconf 86' lang='lat' dir='ltr'>sit,</span> <span class='ocrx_word' id='word_1_307' title='bbox 1129 3772 1157 3813; x_wconf 85' lang='lat' dir='ltr'>ut</span> 
     </span>
     <span class='ocr_line' id='line_1_42' title="bbox 230 3830 1157 3900; baseline 0.002 -20"><span class='ocrx_word' id='word_1_308' title='bbox 230 3846 332 3882; x_wconf 90' lang='lat' dir='ltr'>omnem</span> <span class='ocrx_word' id='word_1_309' title='bbox 353 3845 407 3881; x_wconf 91' lang='lat' dir='ltr'>rem</span> <span class='ocrx_word' id='word_1_310' title='bbox 427 3830 573 3892; x_wconf 86' lang='lat' dir='ltr'>diligentius</span> <span class='ocrx_word' id='word_1_311' title='bbox 595 3843 740 3900; x_wconf 85' lang='lat' dir='ltr'>exponeret.</span> <span class='ocrx_word' id='word_1_312' title='bbox 768 3835 847 3885; x_wconf 91' lang='lat' dir='ltr'>Illum</span> <span class='ocrx_word' id='word_1_313' title='bbox 864 3835 984 3886; x_wconf 89' lang='lat' dir='ltr'>nimirum</span> <span class='ocrx_word' id='word_1_314' title='bbox 1001 3831 1068 3884; x_wconf 85' lang='lat' dir='ltr'>falso</span> <span class='ocrx_word' id='word_1_315' title='bbox 1085 3838 1157 3899; x_wconf 87' lang='lat' dir='ltr'>puta·</span> 
     </span>
     <span class='ocr_line' id='line_1_43' title="bbox 230 3898 1157 3966; baseline 0.002 -19"><span class='ocrx_word' id='word_1_316' title='bbox 230 3900 303 3963; x_wconf 88' lang='lat' dir='ltr'>visse,</span> <span class='ocrx_word' id='word_1_317' title='bbox 320 3906 399 3951; x_wconf 87' lang='lat' dir='ltr'>semet</span> <span class='ocrx_word' id='word_1_318' title='bbox 415 3898 498 3963; x_wconf 85' lang='lat' dir='ltr'>ipsum</span> <span class='ocrx_word' id='word_1_319' title='bbox 516 3913 617 3963; x_wconf 82' lang='lat' dir='ltr'>quoque</span> <span class='ocrx_word' id='word_1_320' title='bbox 633 3902 714 3966; x_wconf 88' lang='lat' dir='ltr'>epulis</span> <span class='ocrx_word' id='word_1_321' title='bbox 730 3903 782 3954; x_wconf 89' lang='lat' dir='ltr'>illis</span> <span class='ocrx_word' id='word_1_322' title='bbox 799 3903 860 3953; x_wconf 91' lang='lat' dir='ltr'>olim</span> <span class='ocrx_word' id='word_1_323' title='bbox 871 3901 1024 3964; x_wconf 83' lang='lat' dir='ltr'>interfuisse,</span> <span class='ocrx_word' id='word_1_324' title='bbox 1042 3901 1157 3964; x_wconf 83' lang='lat' dir='ltr'>adeoque</span> 
     </span>
     <span class='ocr_line' id='line_1_44' title="bbox 231 3968 1157 4033; baseline 0.001 -17"><span class='ocrx_word' id='word_1_325' title='bbox 231 3969 394 4032; x_wconf 81' lang='lat' dir='ltr'>ignoravisse,</span> <span class='ocrx_word' id='word_1_326' title='bbox 417 3969 484 4030; x_wconf 89' lang='lat' dir='ltr'>quod</span> <span class='ocrx_word' id='word_1_327' title='bbox 501 3968 629 4018; x_wconf 85' lang='lat' dir='ltr'>tamenin</span> <span class='ocrx_word' id='word_1_328' title='bbox 646 3971 737 4033; x_wconf 81' lang='lat' dir='ltr'>vulgus</span> <span class='ocrx_word' id='word_1_329' title='bbox 754 3979 843 4020; x_wconf 89' lang='lat' dir='ltr'>notum</span> <span class='ocrx_word' id='word_1_330' title='bbox 861 3973 900 4032; x_wconf 89' lang='lat' dir='ltr'>sit,</span> <span class='ocrx_word' id='word_1_331' title='bbox 921 3969 1089 4033; x_wconf 82' lang='lat' dir='ltr'>Agathonem</span> <span class='ocrx_word' id='word_1_332' title='bbox 1107 3969 1157 4018; x_wconf 88' lang='lat' dir='ltr'>iam</span> 
     </span>
     <span class='ocr_line' id='line_1_45' title="bbox 232 4035 1157 4104; baseline 0 -18"><span class='ocrx_word' id='word_1_333' title='bbox 232 4038 326 4090; x_wconf 86' lang='lat' dir='ltr'>dudam</span> <span class='ocrx_word' id='word_1_334' title='bbox 349 4036 441 4090; x_wconf 87' lang='lat' dir='ltr'>relictis</span> <span class='ocrx_word' id='word_1_335' title='bbox 462 4035 572 4088; x_wconf 85' lang='lat' dir='ltr'>Athenis</span> <span class='ocrx_word' id='word_1_336' title='bbox 593 4050 696 4102; x_wconf 75' lang='lat' dir='ltr'>peregre</span> <span class='ocrx_word' id='word_1_337' title='bbox 718 4038 811 4091; x_wconf 85' lang='lat' dir='ltr'>morari</span> <span class='ocrx_word' id='word_1_338' title='bbox 832 4039 940 4104; x_wconf 84' lang='lat' dir='ltr'>ideoque</span> <span class='ocrx_word' id='word_1_339' title='bbox 962 4038 1015 4090; x_wconf 87' lang='lat' dir='ltr'>fieri</span> <span class='ocrx_word' id='word_1_340' title='bbox 1036 4052 1090 4090; x_wconf 90' lang='lat' dir='ltr'>non</span> <span class='ocrx_word' id='word_1_341' title='bbox 1112 4051 1157 4102; x_wconf 91' lang='lat' dir='ltr'>po-</span> 
     </span>
    </p>
   </div>
   <div class='ocr_carea' id='block_1_7' title="bbox 0 0 1314 4620">
    <p class='ocr_par' dir='ltr' id='par_1_7' title="bbox 0 0 1314 4620">
     <span class='ocr_line' id='line_1_46' title="bbox 0 0 1314 4620; baseline 0 0"><span class='ocrx_word' id='word_1_342' title='bbox 0 0 1314 4620; x_wconf 95' lang='lat' dir='ltr'> </span> 
     </span>
    </p>
   </div>
  </div>
 </body>
</html>
