2604 4620
209 240 249 298 11
597 239 846 301 Puu'lon'ls

210 414 352 496 Κρίτωνι,
376 414 431 476 καὶ
466 415 513 476 ἔτι
535 409 732 498 Ἑρμογένης
756 418 810 479 καὶ
836 412 1003 500 Ἐπιγένης
1029 420 1084 481 καὶ
1112 418 1226 504 Λίσχί-

210 538 270 592 ννγς
305 515 360 577 καὶ
387 509 614 593 Ἀντισθένης.
649 502 690 592 ίγν
725 515 840 579 δὲκαὶ
867 513 1064 597 Κτήσιππος
1090 514 1107 584 ὁ
1135 522 1225 584 Παι-

211 607 322 687 ανιεὺς
346 615 402 677 καὶ
429 612 611 692 Μενέξενος
636 616 692 679 καὶ
716 608 813 681 ἄλλοι
836 620 923 695 τινὲς
940 620 1006 683 τῶν
1025 623 1223 704 ἐπιχωρίων·

184 709 359 782 ,Πλάτων
394 716 444 790 δὲ,
480 709 591 798 οἶμαι,
626 711 775 795 ἠσθένει.
833 720 906 785 EX.
957 715 1054 788 Ξένον
1079 722 1112 784 δέ
1139 743 1225 796 τινος

169 815 384 897 ineptiorem
439 815 564 882 ΦΑΙΔ.
616 815 882 902 Νοιί,.Σιμμιόις
908 825 941 884 τέ
967 844 1003 902 γε
1030 815 1047 884 ὁ
1078 820 1225 901 Θηβαῖος

209 915 264 978 καὶ
290 914 401 998 Κέβης
433 919 488 979 κοί
518 913 730 993 Φαιδώνὸης,
762 921 817 982 καὶ
851 920 1059 1002 Μεγαρόθεν
1095 916 1225 984 thalat-

210 1017 268 1092 6ης
294 1039 328 1077 τε
354 1016 408 1078 καὶ
440 1013 607 1103 Τερψίων.
659 1019 731 1081 EX.
787 1021 827 1081 Τι’
852 1022 907 1100 de·
930 1016 1143 1100 Ἀρίστιππος
1168 1024 1223 1084 καὶ

211 1111 445 1200 Κλεόμβροτος
470 1121 712 1199 παρεγίνοντος
778 1117 902 1184 (Mlti.
966 1117 1014 1185 ot
1050 1123 1153 1200 δῆτα·
1190 1127 1223 1185 ἐν

277 1376 307 1426 C.
342 1377 493 1441 Σιμμίας
516 1379 553 1427 τί
573 1376 626 1442 γι]
663 1377 720 1428 Vat.
748 1373 875 1431 Ven.‘ll.
903 1377 1222 1430 venenatumst

209 1461 260 1497 om.
282 1464 317 1498 τι.
336 1452 426 1495 contra
445 1447 469 1495 in
486 1445 555 1507 Tuli.
573 1447 636 1498 Par.
657 1445 719 1496 EG.
736 1465 764 1510 γε
786 1447 953 1513 neglectum
973 1449 1041 1499 unde
1059 1453 1132 1511 patet
1151 1463 1223 1498 erro-

209 1645 328 1697 dicuntur
345 1645 424 1696 irrisae
447 1645 508 1709 lilii,
531 1645 690 1710 Critobulus,
741 1653 796 1698 tum
816 1646 965 1712 Ctesippum
987 1648 1097 1699 maxime
1115 1654 1222 1699 secutus

207 1715 406 1781 Hermogenes,
424 1714 568 1778 Epigenes,
587 1717 691 1781 Ctesip·
742 1723 791 1775 est.
811 1732 833 1766 v.
856 1714 944 1780 Lysid.
958 1732 980 1765 ν.
996 1716 1055 1769 206.
1093 1717 1166 1766 Unde
1184 1718 1224 1767 in-

207 1801 264 1850 pus.
294 1800 316 1836 v.
343 1783 454 1836 Laert.
480 1783 511 1833 ll.
536 1784 593 1836 121.
635 1783 690 1835 Sed
741 1785 878 1849 telligitur‚
903 1799 948 1835 cur
972 1784 996 1839 h.
1015 1787 1031 1836 l.
1057 1786 1173 1850 Ctesippi
1198 1793 1224 1836 et

207 1853 399 1916 Hermogenes,
418 1853 460 1916 qui
479 1850 503 1902 h.
523 1854 539 1903 l.
558 1868 690 1903 memora·
740 1852 878 1904 Menexeui
895 1867 946 1904 una
964 1855 1060 1904 mentio
1078 1854 1132 1906 hat.

207 1928 264 1982 tur,
296 1921 398 1972 videtur
427 1919 507 1971 luisse
529 1921 596 1972 filins
623 1922 690 1986 Hip·
775 1919 911 1972 Πλάτων
930 1921 977 1985 δέ,
997 1921 1105 1987 οἶμαι,
1125 1919 1223 1983 tiodi-

206 1989 307 2055 ponici‚
338 1988 436 2039 Calliae
459 1988 553 2051 frater,
580 1989 689 2053 dequo
739 1995 806 2049 νιιΙ
843 1988 901 2039 Non
935 1991 989 2041 reri
1020 1989 1153 2041 dissimilis
1183 1995 1224 2039 est

207 2074 231 2105 v.
252 2058 373 2119 Prolegg.
392 2055 424 2105 ad
443 2057 538 2119 Cratyl.
560 2072 584 2120 p.
605 2057 647 2109 19.
664 2062 691 2106 et
740 2057 895 2107 Forsteri
912 2061 1071 2122 coniectura,
1084 2060 1222 2109 Platonem
1248 2094 1251 2100 -

207 2123 637 2187 quaedisputavitSchneider.
657 2123 690 2174 ad
740 2122 778 2173 his
814 2123 899 2173 verbis
933 2126 1073 2188 significare
1111 2127 1223 2177 voluisse

206 2190 326 2257 Xenoph.
352 2190 463 2243 Memor.
485 2190 529 2243 lV.
551 2190 582 2253 8,
598 2189 632 2241 -4,
656 2191 689 2242 ad
740 2205 885 2242 maerorem
903 2208 987 2254 auum,
1004 2209 1057 2257 quo
1075 2195 1223 2245 imminente

208 2260 329 2323 Sympos.
354 2258 373 2311 l.
399 2255 424 2309 3.
449 2257 481 2311 el.
505 2260 581 2309 etiam
608 2259 690 2310 Pro·
741 2255 839 2309 summi
868 2259 982 2325 magistri
1004 2267 1089 2311 nrorte
1114 2263 1223 2313 affectus

208 2328 252 2378 eli
277 2327 365 2379 Sehol.
384 2327 408 2376 in
427 2327 523 2390 Cratyl.
542 2343 567 2392 p.
589 2326 628 2379 10.
649 2327 689 2378 ed.
740 2327 826 2377 suerit.
856 2352 889 2364 -
932 2329 1053 2379 Ceterum
1071 2324 1153 2393 'quod
1184 2330 1224 2379 hie

205 2397 280 2460 Lipa.
316 2395 408 2458 Neque
431 2394 560 2460 Epigenes
585 2395 690 2460 intelligi
740 2398 807 2446 nullu
818 2394 995 2460 Xenophontis
1014 2397 1081 2448 lacta
1100 2402 1139 2447 est
1150 2412 1224 2448 men-

192 2465 309 2515 ridetur
334 2463 447 2514 Critonis
468 2463 546 2525 tilius,
563 2458 620 2515 'sed
648 2465 690 2514 ille
741 2465 788 2526 tio,
806 2463 832 2513 id
852 2464 1041 2516 Athenaeus
1059 2465 1105 2516 XI.
1123 2464 1162 2519 15.
1180 2480 1223 2516 re-

209 2533 306 2598 pelles,
324 2532 367 2596 qui
382 2537 601 2582 commemoratur
618 2534 689 2596 Apo·
741 2532 792 2582 lert
811 2533 878 2583 inter
897 2541 1050 2597 argumenta
1068 2534 1177 2584 insidiae
1197 2541 1223 2585 et

207 2604 259 2665 leg.
280 2601 381 2651 Socrat.
409 2616 433 2663 p.
458 2597 500 2651 33.
527 2600 558 2649 Ε.
586 2607 612 2650 et
629 2600 689 2651 X'a·

207 2666 296 2732 noph.
320 2667 399 2719 Mem.
418 2668 462 2720 lll.
483 2666 530 2731 12,
550 2667 575 2719 2.
598 2675 625 2718 et
642 2685 689 2718 cu-

206 2738 248 2787 ius
272 2741 346 2799 pater
368 2734 415 2785 fuit
440 2737 568 2800 Antiphon
594 2735 688 2802 Cephi-

206 2805 300 2854 siensis
332 2830 361 2841 -
397 2804 436 2854 De
456 2803 688 2855 AeschineSocra-

205 2874 257 2924 tico
277 2889 299 2926 ν.
318 2872 454 2936 Diogen.
474 2873 584 2927 Laert.
603 2873 634 2923 ll.
655 2873 689 2926 60

204 2968 238 2977 -
255 2940 296 2994 64.
316 2969 347 2979 -
385 2940 561 2993 hittistheuem
586 2947 690 2993 coristat

205 3010 332 3077 imptiuiis
344 3009 462 3060 Socratis
480 3011 640 3062 tolerantiam
662 3016 689 3060 et
715 3052 719 3065 .

205 3080 344 3146 voluptatis
369 3085 530 3131 contemtum
561 3078 687 3129 imitatum

205 3164 265 3200 ease
299 3148 417 3211 adeoque
452 3154 540 3199 sectae
576 3148 688 3212 Cynicae

204 3220 339 3264 auctorem
372 3216 510 3265 exstitisse.
540 3216 580 3264 De
606 3231 638 3264 eo
662 3231 686 3264 s.

205 3280 316 3333 Laert.
347 3281 388 3333 i'l.
415 3282 523 3333 1—1u.
561 3282 688 3331 helian.

205 3348 239 3396 V.
258 3348 291 3400 H.
310 3348 354 3400 lX.
370 3347 411 3400 35.
430 3350 463 3398 al.
477 3374 509 3384 -
546 3347 688 3411 Ctesippus

205 3416 390 3479 Paeaniensis,
420 3413 443 3465 h.
467 3431 489 3464 e.
513 3431 546 3465 ex
570 3415 690 3482 Παιονιμ·

203 3481 277 3545 δήμῳ
311 3489 357 3546 τῆς
393 3482 564 3540 Πανδιονίδος
604 3484 688 3545 φυλῆς

204 3552 346 3614 oriundus,
370 3559 446 3602 notus
469 3557 510 3602 est
538 3567 570 3602 ex
589 3550 686 3614 Euthy-

203 3620 273 3671 dem.
296 3637 321 3684 p.
346 3618 407 3674 273.
436 3620 467 3681 A.
493 3625 519 3670 et
544 3619 632 3682 Lysid.
659 3635 684 3683 p.

202 3686 263 3741 206.
284 3687 315 3739 li.
329 3703 383 3753 sqq.
396 3715 429 3727 -
465 3687 624 3738 Menexenus
639 3703 686 3737 no-

203 3757 319 3809 bilitatus
348 3763 389 3806 est
412 3756 477 3808 libro
502 3756 688 3822 cognominea

205 3826 330 3886 Platone,
366 3830 395 3876 ut
428 3824 544 3886 ridetur,
580 3823 687 3889 scripto.

204 3894 288 3945 Natus
305 3897 413 3957 egente
440 3892 598 3943 nobilissima
621 3891 686 3957 (vid.

205 3963 294 4027 Lysid.
308 3978 332 4027 p.
345 3960 405 4015 207.
419 3962 465 4023 C.)
478 3967 577 4010 mature
591 3960 622 4011 ad
631 3959 687 4024 phi-

205 4030 338 4097 losophiae
357 4029 469 4081 studium
483 4028 594 4078 animum
607 4026 687 4093 appli-

206 4100 272 4150 cavit
295 4104 322 4150 et
350 4113 428 4164 quum
452 4097 517 4150 alios
547 4094 685 4162 sophistae,

742 2601 894 2661 simultatis,
930 2618 997 2665 qnae
1024 2603 1127 2653 Platoni
1162 2618 1221 2653 cum

741 2667 913 2732 Xenophonte
947 2670 1128 2721 intercesserit.
1185 2671 1222 2719 De

741 2752 790 2800 qna
809 2752 836 2786 re
854 2736 915 2799 qnid
928 2738 1093 2788 statuendum
1113 2738 1155 2800 sit,
1174 2737 1222 2786 do-

741 2811 783 2855 cte
806 2805 949 2869 disputarit
973 2808 1004 2856 A.
1031 2805 1222 2856 Boeckhius

740 2872 766 2922 in
784 2880 952 2928 commentat.
970 2874 1086 2924 academ.
1124 2876 1161 2924 De
1180 2874 1222 2922 si-

739 2941 1134 3006 multate‚quaePlatoni
1154 2957 1221 2991 cum

738 3008 1223 3075 Xenophonteintereessisse

738 3076 858 3132 fertur.
885 3079 970 3132 Berol.
994 3094 1017 3129 a.
1047 3077 1119 3131 1821.
1145 3078 1221 3130 edita.
1295 3103 1297 3109 ι

738 3146 841 3213 Quippe
872 3161 922 3198 non
946 3147 1032 3212 potuit
1056 3147 1132 3198 Plato
1156 3162 1223 3196 nunc

737 3212 918 3279 Xenophontis
936 3215 1092 3266 mentionem
1109 3214 1221 3274 iniicere,

739 3294 817 3342 quum
851 3283 892 3331 ille
923 3296 989 3332 anno
1018 3288 1078 3331 ante
1105 3281 1223 3331 Socratis

740 3353 850 3398 mortem
868 3349 894 3397 in
906 3349 994 3399 Asiam
1007 3355 1078 3398 esset
1089 3348 1222 3413 proiectus

738 3413 824 3478 ibique
837 3415 966 3475 militaret,
986 3416 1012 3467 id
1031 3417 1156 3479 quodiam
1171 3414 1221 3466 Fi-

738 3482 877 3534 scherus
893 3483 1010 3548 pervidit.
1024 3510 1056 3521 -
1075 3483 1129 3534 Pro
1148 3478 1179 3548 οἷν
1196 3486 1221 3535 dt

737 3550 779 3600 καὶ
806 3547 973 3615 ΚτιγίτιτιποςΔ
1000 3550 1221 3603 Heindorl'ius

738 3620 884 3683 requirebat
914 3624 1001 3687 παρῆν
1031 3622 1058 3669 di
1088 3621 1131 3670 aot
1156 3622 1220 3684 Ka,

738 3703 789 3752 quo
805 3703 899 3738 vereor
923 3694 950 3737 ut
969 3703 1035 3753 opus
1053 3688 1093 3739 ait.
1130 3688 1221 3740 Solent

740 3757 806 3807 enim
824 3756 934 3816 Graeci,
957 3771 1038 3820 quum
1063 3757 1142 3806 verba
1163 3772 1221 3808 cum

738 3824 972 3889 praepositionibus
998 3824 1145 3888 composita
1172 3825 1221 3875 ite-

738 3893 817 3942 randa
834 3898 911 3954 suut,
935 3891 961 3943 in
984 3891 1138 3958 repetitione
1156 3894 1221 3943 alte·

738 3964 835 4010 rutram
862 3965 962 4025 partem
982 3975 1071 4011 eorum
1090 3960 1220 4011 omittere.

736 4026 773 4079 Et
795 4027 866 4078 verbi
890 4027 993 4093 quidam
1025 4028 1129 4080 omissio
1152 4030 1221 4095 apud

736 4099 830 4161 poetas
847 4101 923 4161 atque
942 4095 1107 4150 Herodotum
1129 4094 1221 4148 admo-
