<?xml version="1.0" encoding="UTF-8"?>
<!DOCTYPE html PUBLIC "-//W3C//DTD XHTML 1.0 Transitional//EN"
    "http://www.w3.org/TR/xhtml1/DTD/xhtml1-transitional.dtd">
<html xmlns="http://www.w3.org/1999/xhtml" xml:lang="en" lang="en">
 <head>
  <title>
</title>
<meta http-equiv="Content-Type" content="text/html;charset=utf-8" />
  <meta name='ocr-system' content='tesseract 3.04.00' />
  <meta name='ocr-capabilities' content='ocr_page ocr_carea ocr_par ocr_line ocrx_word'/>
</head>
<body>
  <div class='ocr_page' id='page_1' title='image "./platonisoperaom00stalgoog_0441.png"; bbox 0 0 2604 4620; ppageno 0'>
   <div class='ocr_carea' id='block_1_1' title="bbox 75 238 828 311">
    <p class='ocr_par' dir='ltr' id='par_1_1' title="bbox 75 238 828 311">
     <span class='ocr_line' id='line_1_1' title="bbox 75 238 828 311; baseline -0.009 1"><span class='ocrx_word' id='word_1_1' title='bbox 75 238 78 243; x_wconf 82' lang='grc'>’</span> <span class='ocrx_word' id='word_1_2' title='bbox 163 283 165 287; x_wconf 81' lang='lat'><em>.</em></span> <span class='ocrx_word' id='word_1_3' title='bbox 192 262 304 311; x_wconf 80' lang='lat' dir='ltr'>axxv1</span> <span class='ocrx_word' id='word_1_4' title='bbox 560 258 828 309; x_wconf 77' lang='lat' dir='ltr'>saonaeounna</span> 
     </span>
    </p>
   </div>
   <div class='ocr_carea' id='block_1_2' title="bbox 85 409 1205 2615">
    <p class='ocr_par' dir='ltr' id='par_1_2' title="bbox 85 409 1205 2615">
     <span class='ocr_line' id='line_1_2' title="bbox 191 409 1199 503; baseline 0 -24"><span class='ocrx_word' id='word_1_5' title='bbox 191 413 343 503; x_wconf 82' lang='lat' dir='ltr'>vestigia,</span> <span class='ocrx_word' id='word_1_6' title='bbox 376 433 458 496; x_wconf 88' lang='lat' dir='ltr'>quae</span> <span class='ocrx_word' id='word_1_7' title='bbox 487 413 582 476; x_wconf 88' lang='lat' dir='ltr'>etiam</span> <span class='ocrx_word' id='word_1_8' title='bbox 615 412 649 477; x_wconf 92' lang='lat' dir='ltr'>in</span> <span class='ocrx_word' id='word_1_9' title='bbox 675 410 914 497; x_wconf 82' lang='lat' dir='ltr'>Xenophonteo</span> <span class='ocrx_word' id='word_1_10' title='bbox 943 409 1115 498; x_wconf 76' lang='lat' dir='ltr'>Symposio</span> <span class='ocrx_word' id='word_1_11' title='bbox 1143 436 1199 479; x_wconf 89' lang='lat' dir='ltr'>ex·</span> 
     </span>
     <span class='ocr_line' id='line_1_3' title="bbox 213 494 1198 564; baseline 0.001 -2"><span class='ocrx_word' id='word_1_12' title='bbox 213 521 304 564; x_wconf 88' lang='lat' dir='ltr'>ressa</span> <span class='ocrx_word' id='word_1_13' title='bbox 333 506 444 561; x_wconf 78' lang='lat' dir='ltr'>extare</span> <span class='ocrx_word' id='word_1_14' title='bbox 500 494 683 563; x_wconf 88' lang='lat' dir='ltr'>robabiliter</span> <span class='ocrx_word' id='word_1_15' title='bbox 713 497 822 562; x_wconf 90' lang='lat' dir='ltr'>docuit</span> <span class='ocrx_word' id='word_1_16' title='bbox 849 495 1088 564; x_wconf 87' lang='lat' dir='ltr'>Welckerus</span> <span class='ocrx_word' id='word_1_17' title='bbox 1115 496 1198 563; x_wconf 85' lang='lat' dir='ltr'>Nov.</span> 
     </span>
     <span class='ocr_line' id='line_1_4' title="bbox 189 519 1205 672; baseline -0.002 -24"><span class='ocrx_word' id='word_1_18' title='bbox 189 522 277 672; x_wconf 69' lang='lat' dir='ltr'>hius.</span> <span class='ocrx_word' id='word_1_19' title='bbox 296 580 398 646; x_wconf 86' lang='lat' dir='ltr'>Rhen.</span> <span class='ocrx_word' id='word_1_20' title='bbox 417 519 503 646; x_wconf 71' lang='lat' dir='ltr'>Vi.</span> <span class='ocrx_word' id='word_1_21' title='bbox 525 604 557 667; x_wconf 92' lang='lat' dir='ltr'>p.</span> <span class='ocrx_word' id='word_1_22' title='bbox 573 582 635 647; x_wconf 77' lang='lat'>504</span> <span class='ocrx_word' id='word_1_23' title='bbox 655 603 723 666; x_wconf 86' lang='lat' dir='ltr'><strong>sqq.</strong></span> <span class='ocrx_word' id='word_1_24' title='bbox 757 581 881 647; x_wconf 91' lang='lat' dir='ltr'>Verum</span> <span class='ocrx_word' id='word_1_25' title='bbox 906 582 969 646; x_wconf 89' lang='lat' dir='ltr'>ista</span> <span class='ocrx_word' id='word_1_26' title='bbox 993 582 1124 667; x_wconf 90' lang='lat' dir='ltr'>quidem</span> <span class='ocrx_word' id='word_1_27' title='bbox 1153 584 1205 648; x_wconf 86' lang='lat' dir='ltr'>rei</span> 
     </span>
     <span class='ocr_line' id='line_1_5' title="bbox 189 664 1199 751; baseline 0 -19"><span class='ocrx_word' id='word_1_28' title='bbox 189 665 393 732; x_wconf 87' lang='lat' dir='ltr'>excusatione</span> <span class='ocrx_word' id='word_1_29' title='bbox 414 688 455 730; x_wconf 91' lang='lat' dir='ltr'>ne</span> <span class='ocrx_word' id='word_1_30' title='bbox 476 687 556 751; x_wconf 90' lang='lat' dir='ltr'>opus</span> <span class='ocrx_word' id='word_1_31' title='bbox 578 665 709 751; x_wconf 87' lang='lat' dir='ltr'>quidem</span> <span class='ocrx_word' id='word_1_32' title='bbox 730 676 788 731; x_wconf 90' lang='lat' dir='ltr'>est.</span> <span class='ocrx_word' id='word_1_33' title='bbox 826 664 986 732; x_wconf 86' lang='lat' dir='ltr'>Convenit</span> <span class='ocrx_word' id='word_1_34' title='bbox 1008 667 1092 732; x_wconf 92' lang='lat' dir='ltr'>enim</span> <span class='ocrx_word' id='word_1_35' title='bbox 1111 667 1199 732; x_wconf 88' lang='lat' dir='ltr'>Pau·</span> 
     </span>
     <span class='ocr_line' id='line_1_6' title="bbox 190 747 1199 836; baseline -0.002 -19"><span class='ocrx_word' id='word_1_36' title='bbox 190 752 297 817; x_wconf 82' lang='lat' dir='ltr'>sanine</span> <span class='ocrx_word' id='word_1_37' title='bbox 307 749 465 815; x_wconf 82' lang='lat' dir='ltr'>Platonici</span> <span class='ocrx_word' id='word_1_38' title='bbox 476 750 632 815; x_wconf 87' lang='lat' dir='ltr'>sententia</span> <span class='ocrx_word' id='word_1_39' title='bbox 646 751 742 816; x_wconf 90' lang='lat' dir='ltr'>etiam</span> <span class='ocrx_word' id='word_1_40' title='bbox 756 747 881 816; x_wconf 87' lang='lat' dir='ltr'>Socrati</span> <span class='ocrx_word' id='word_1_41' title='bbox 895 751 1090 836; x_wconf 82' lang='lat' dir='ltr'>planissime,</span> <span class='ocrx_word' id='word_1_42' title='bbox 1105 773 1199 836; x_wconf 90' lang='lat' dir='ltr'>quem</span> 
     </span>
     <span class='ocr_line' id='line_1_7' title="bbox 190 833 1199 922; baseline -0.001 -21"><span class='ocrx_word' id='word_1_43' title='bbox 190 836 268 901; x_wconf 88' lang='lat' dir='ltr'>satis</span> <span class='ocrx_word' id='word_1_44' title='bbox 279 844 402 915; x_wconf 81' lang='lat' dir='ltr'>constet</span> <span class='ocrx_word' id='word_1_45' title='bbox 413 833 570 913; x_wconf 87' lang='lat' dir='ltr'>docuisse,</span> <span class='ocrx_word' id='word_1_46' title='bbox 582 856 679 900; x_wconf 86' lang='lat' dir='ltr'>unam</span> <span class='ocrx_word' id='word_1_47' title='bbox 690 835 888 921; x_wconf 85' lang='lat' dir='ltr'>eandemque</span> <span class='ocrx_word' id='word_1_48' title='bbox 898 859 966 902; x_wconf 91' lang='lat' dir='ltr'>rem</span> <span class='ocrx_word' id='word_1_49' title='bbox 980 836 1088 922; x_wconf 89' lang='lat' dir='ltr'>utique</span> <span class='ocrx_word' id='word_1_50' title='bbox 1102 859 1199 922; x_wconf 91' lang='lat' dir='ltr'>posse</span> 
     </span>
     <span class='ocr_line' id='line_1_8' title="bbox 188 919 1199 1006; baseline -0.001 -22"><span class='ocrx_word' id='word_1_51' title='bbox 188 942 248 1006; x_wconf 89' lang='lat' dir='ltr'>pro</span> <span class='ocrx_word' id='word_1_52' title='bbox 262 942 367 985; x_wconf 90' lang='lat' dir='ltr'>rerum</span> <span class='ocrx_word' id='word_1_53' title='bbox 381 929 413 984; x_wconf 89' lang='lat' dir='ltr'>et</span> <span class='ocrx_word' id='word_1_54' title='bbox 426 919 642 985; x_wconf 89' lang='lat' dir='ltr'>conditionum</span> <span class='ocrx_word' id='word_1_55' title='bbox 656 919 839 988; x_wconf 89' lang='lat' dir='ltr'>diversitate</span> <span class='ocrx_word' id='word_1_56' title='bbox 856 931 887 987; x_wconf 88' lang='lat' dir='ltr'>et</span> <span class='ocrx_word' id='word_1_57' title='bbox 901 921 1017 986; x_wconf 90' lang='lat' dir='ltr'>malam</span> <span class='ocrx_word' id='word_1_58' title='bbox 1032 932 1064 987; x_wconf 92' lang='lat' dir='ltr'>et</span> <span class='ocrx_word' id='word_1_59' title='bbox 1083 921 1199 987; x_wconf 88' lang='lat' dir='ltr'>bonam</span> 
     </span>
     <span class='ocr_line' id='line_1_9' title="bbox 188 1001 1201 1092; baseline -0.003 -21"><span class='ocrx_word' id='word_1_60' title='bbox 188 1006 335 1071; x_wconf 83' lang='lat' dir='ltr'>existere.</span> <span class='ocrx_word' id='word_1_61' title='bbox 353 1001 420 1068; x_wconf 89' lang='lat' dir='ltr'>Sed</span> <span class='ocrx_word' id='word_1_62' title='bbox 432 1025 624 1088; x_wconf 88' lang='lat' dir='ltr'>quamquam</span> <span class='ocrx_word' id='word_1_63' title='bbox 638 1005 776 1071; x_wconf 82' lang='lat' dir='ltr'>invidiae</span> <span class='ocrx_word' id='word_1_64' title='bbox 790 1006 1055 1072; x_wconf 86' lang='lat' dir='ltr'>etaemulationis</span> <span class='ocrx_word' id='word_1_65' title='bbox 1066 1005 1201 1092; x_wconf 78' lang='lat' dir='ltr'>vestigia</span> 
     </span>
     <span class='ocr_line' id='line_1_10' title="bbox 187 1088 1199 1176; baseline 0 -22"><span class='ocrx_word' id='word_1_66' title='bbox 187 1090 274 1155; x_wconf 87' lang='lat' dir='ltr'>nulla</span> <span class='ocrx_word' id='word_1_67' title='bbox 288 1110 442 1175; x_wconf 89' lang='lat' dir='ltr'>apparere</span> <span class='ocrx_word' id='word_1_68' title='bbox 462 1088 621 1167; x_wconf 87' lang='lat' dir='ltr'>videntur,</span> <span class='ocrx_word' id='word_1_69' title='bbox 641 1099 758 1169; x_wconf 90' lang='lat' dir='ltr'>tamen,</span> <span class='ocrx_word' id='word_1_70' title='bbox 782 1090 897 1174; x_wconf 88' lang='lat' dir='ltr'>siquis</span> <span class='ocrx_word' id='word_1_71' title='bbox 913 1092 1048 1156; x_wconf 89' lang='lat' dir='ltr'>alterum</span> <span class='ocrx_word' id='word_1_72' title='bbox 1063 1091 1199 1176; x_wconf 90' lang='lat' dir='ltr'>scripto·</span> 
     </span>
     <span class='ocr_line' id='line_1_11' title="bbox 187 1172 1199 1258; baseline -0.002 -18"><span class='ocrx_word' id='word_1_73' title='bbox 187 1197 254 1240; x_wconf 89' lang='lat' dir='ltr'>rem</span> <span class='ocrx_word' id='word_1_74' title='bbox 268 1173 398 1239; x_wconf 90' lang='lat' dir='ltr'>alterius</span> <span class='ocrx_word' id='word_1_75' title='bbox 411 1172 527 1238; x_wconf 90' lang='lat' dir='ltr'>librum</span> <span class='ocrx_word' id='word_1_76' title='bbox 541 1174 583 1240; x_wconf 92' lang='lat' dir='ltr'>ob</span> <span class='ocrx_word' id='word_1_77' title='bbox 597 1174 706 1239; x_wconf 92' lang='lat' dir='ltr'>oculos</span> <span class='ocrx_word' id='word_1_78' title='bbox 719 1173 871 1239; x_wconf 82' lang='lat' dir='ltr'>habuisse</span> <span class='ocrx_word' id='word_1_79' title='bbox 885 1175 1033 1254; x_wconf 87' lang='lat' dir='ltr'>affirmet,</span> <span class='ocrx_word' id='word_1_80' title='bbox 1055 1198 1114 1240; x_wconf 88' lang='lat' dir='ltr'>nos</span> <span class='ocrx_word' id='word_1_81' title='bbox 1128 1175 1199 1258; x_wconf 92' lang='lat' dir='ltr'>qui-</span> 
     </span>
     <span class='ocr_line' id='line_1_12' title="bbox 139 1257 1200 1343; baseline 0 -19"><span class='ocrx_word' id='word_1_82' title='bbox 139 1286 155 1337; x_wconf 61' lang='lat' dir='ltr'>s</span> <span class='ocrx_word' id='word_1_83' title='bbox 187 1259 261 1324; x_wconf 86' lang='lat' dir='ltr'>dem</span> <span class='ocrx_word' id='word_1_84' title='bbox 274 1281 338 1324; x_wconf 90' lang='lat' dir='ltr'>non</span> <span class='ocrx_word' id='word_1_85' title='bbox 354 1258 490 1322; x_wconf 90' lang='lat' dir='ltr'>multum</span> <span class='ocrx_word' id='word_1_86' title='bbox 504 1257 738 1323; x_wconf 84' lang='lat' dir='ltr'>reluctabimur.</span> <span class='ocrx_word' id='word_1_87' title='bbox 759 1257 864 1323; x_wconf 91' lang='lat' dir='ltr'>Multa</span> <span class='ocrx_word' id='word_1_88' title='bbox 881 1259 965 1322; x_wconf 92' lang='lat' dir='ltr'>enim</span> <span class='ocrx_word' id='word_1_89' title='bbox 982 1259 1017 1323; x_wconf 91' lang='lat' dir='ltr'>in</span> <span class='ocrx_word' id='word_1_90' title='bbox 1034 1259 1200 1343; x_wconf 89' lang='lat' dir='ltr'>utriusque</span> 
     </span>
     <span class='ocr_line' id='line_1_13' title="bbox 85 1343 1198 1445; baseline -0.003 -37"><span class='ocrx_word' id='word_1_91' title='bbox 85 1372 93 1381; x_wconf 89' lang='lat'>·</span> <span class='ocrx_word' id='word_1_92' title='bbox 187 1366 284 1445; x_wconf 90' lang='lat' dir='ltr'>opere</span> <span class='ocrx_word' id='word_1_93' title='bbox 304 1343 519 1421; x_wconf 88' lang='lat' dir='ltr'>inveniuntur,</span> <span class='ocrx_word' id='word_1_94' title='bbox 541 1366 632 1428; x_wconf 92' lang='lat' dir='ltr'>quae,</span> <span class='ocrx_word' id='word_1_95' title='bbox 654 1343 716 1407; x_wconf 90' lang='lat' dir='ltr'>nisi</span> <span class='ocrx_word' id='word_1_96' title='bbox 737 1343 817 1408; x_wconf 91' lang='lat' dir='ltr'>alter</span> <span class='ocrx_word' id='word_1_97' title='bbox 836 1343 969 1408; x_wconf 89' lang='lat' dir='ltr'>alterum</span> <span class='ocrx_word' id='word_1_98' title='bbox 990 1343 1198 1428; x_wconf 82' lang='lat' dir='ltr'>respexisset,</span> 
     </span>
     <span class='ocr_line' id='line_1_14' title="bbox 188 1426 1198 1514; baseline -0.003 -20"><span class='ocrx_word' id='word_1_99' title='bbox 188 1451 244 1494; x_wconf 86' lang='lat' dir='ltr'>vrx</span> <span class='ocrx_word' id='word_1_100' title='bbox 263 1428 421 1514; x_wconf 87' lang='lat' dir='ltr'>potuisset</span> <span class='ocrx_word' id='word_1_101' title='bbox 447 1429 527 1507; x_wconf 90' lang='lat' dir='ltr'>fieri,</span> <span class='ocrx_word' id='word_1_102' title='bbox 555 1439 591 1492; x_wconf 93' lang='lat' dir='ltr'>ut</span> <span class='ocrx_word' id='word_1_103' title='bbox 618 1429 658 1493; x_wconf 92' lang='lat' dir='ltr'>ab</span> <span class='ocrx_word' id='word_1_104' title='bbox 684 1426 840 1493; x_wconf 88' lang='lat' dir='ltr'>ambobus</span> <span class='ocrx_word' id='word_1_105' title='bbox 867 1439 1198 1494; x_wconf 89' lang='lat' dir='ltr'>commemorarentur.</span> 
     </span>
     <span class='ocr_line' id='line_1_15' title="bbox 186 1509 1198 1601; baseline -0.001 -24"><span class='ocrx_word' id='word_1_106' title='bbox 186 1513 302 1597; x_wconf 88' lang='lat' dir='ltr'>Itaque</span> <span class='ocrx_word' id='word_1_107' title='bbox 324 1535 385 1601; x_wconf 83' lang='lat' dir='ltr'>ego</span> <span class='ocrx_word' id='word_1_108' title='bbox 405 1513 440 1577; x_wconf 92' lang='lat' dir='ltr'>in</span> <span class='ocrx_word' id='word_1_109' title='bbox 462 1536 500 1578; x_wconf 89' lang='lat' dir='ltr'>ea</span> <span class='ocrx_word' id='word_1_110' title='bbox 522 1513 678 1578; x_wconf 89' lang='lat' dir='ltr'>sententia</span> <span class='ocrx_word' id='word_1_111' title='bbox 700 1520 781 1591; x_wconf 89' lang='lat' dir='ltr'>sum,&#39;</span> <span class='ocrx_word' id='word_1_112' title='bbox 803 1522 840 1576; x_wconf 92' lang='lat' dir='ltr'>ut</span> <span class='ocrx_word' id='word_1_113' title='bbox 860 1521 1031 1597; x_wconf 91' lang='lat' dir='ltr'>utrumque</span> <span class='ocrx_word' id='word_1_114' title='bbox 1054 1509 1198 1577; x_wconf 83' lang='lat' dir='ltr'>Socratis</span> 
     </span>
     <span class='ocr_line' id='line_1_16' title="bbox 190 1596 1199 1686; baseline -0.004 -23"><span class='ocrx_word' id='word_1_115' title='bbox 190 1597 329 1682; x_wconf 91' lang='lat' dir='ltr'>speciem</span> <span class='ocrx_word' id='word_1_116' title='bbox 350 1607 382 1662; x_wconf 88' lang='lat' dir='ltr'>et</span> <span class='ocrx_word' id='word_1_117' title='bbox 402 1597 574 1686; x_wconf 85' lang='lat' dir='ltr'>imaginem</span> <span class='ocrx_word' id='word_1_118' title='bbox 596 1620 653 1663; x_wconf 90' lang='lat' dir='ltr'>suo</span> <span class='ocrx_word' id='word_1_119' title='bbox 681 1619 769 1662; x_wconf 90' lang='lat' dir='ltr'>more</span> <span class='ocrx_word' id='word_1_120' title='bbox 795 1596 984 1662; x_wconf 75' lang='lat' dir='ltr'>informasse</span> <span class='ocrx_word' id='word_1_121' title='bbox 1010 1597 1199 1675; x_wconf 86' lang='lat' dir='ltr'>existimem,</span> 
     </span>
     <span class='ocr_line' id='line_1_17' title="bbox 187 1680 1200 1749; baseline -0.001 -1"><span class='ocrx_word' id='word_1_122' title='bbox 187 1683 372 1749; x_wconf 89' lang='lat' dir='ltr'>alterutrum</span> <span class='ocrx_word' id='word_1_123' title='bbox 394 1693 500 1748; x_wconf 86' lang='lat' dir='ltr'>autem</span> <span class='ocrx_word' id='word_1_124' title='bbox 521 1682 650 1748; x_wconf 87' lang='lat' dir='ltr'>alterius</span> <span class='ocrx_word' id='word_1_125' title='bbox 670 1682 787 1747; x_wconf 91' lang='lat' dir='ltr'>librum</span> <span class='ocrx_word' id='word_1_126' title='bbox 809 1681 856 1748; x_wconf 87' lang='lat' dir='ltr'>sic</span> <span class='ocrx_word' id='word_1_127' title='bbox 870 1680 910 1746; x_wconf 92' lang='lat' dir='ltr'>ob</span> <span class='ocrx_word' id='word_1_128' title='bbox 925 1682 1033 1748; x_wconf 90' lang='lat' dir='ltr'>oculos</span> <span class='ocrx_word' id='word_1_129' title='bbox 1047 1681 1200 1747; x_wconf 88' lang='lat' dir='ltr'>habuisse</span> 
     </span>
     <span class='ocr_line' id='line_1_18' title="bbox 92 1762 1197 1853; baseline -0.004 -19"><span class='ocrx_word' id='word_1_130' title='bbox 92 1762 96 1775; x_wconf 69' lang='lat'><strong>¹</strong></span> <span class='ocrx_word' id='word_1_131' title='bbox 188 1769 327 1847; x_wconf 87' lang='lat' dir='ltr'>credam,</span> <span class='ocrx_word' id='word_1_132' title='bbox 356 1777 393 1832; x_wconf 89' lang='lat' dir='ltr'>ut</span> <span class='ocrx_word' id='word_1_133' title='bbox 418 1767 570 1834; x_wconf 90' lang='lat' dir='ltr'>nonnulla</span> <span class='ocrx_word' id='word_1_134' title='bbox 595 1769 675 1834; x_wconf 89' lang='lat' dir='ltr'>inde</span> <span class='ocrx_word' id='word_1_135' title='bbox 695 1768 730 1832; x_wconf 89' lang='lat' dir='ltr'>in</span> <span class='ocrx_word' id='word_1_136' title='bbox 760 1790 853 1832; x_wconf 91' lang='lat' dir='ltr'>suum</span> <span class='ocrx_word' id='word_1_137' title='bbox 880 1789 961 1853; x_wconf 93' lang='lat' dir='ltr'>opus</span> <span class='ocrx_word' id='word_1_138' title='bbox 990 1766 1197 1843; x_wconf 85' lang='lat' dir='ltr'>transtulerit,</span> 
     </span>
     <span class='ocr_line' id='line_1_19' title="bbox 186 1851 1197 1936; baseline -0.006 -18"><span class='ocrx_word' id='word_1_139' title='bbox 186 1853 253 1918; x_wconf 87' lang='lat' dir='ltr'>sive</span> <span class='ocrx_word' id='word_1_140' title='bbox 274 1853 308 1917; x_wconf 91' lang='lat' dir='ltr'>id</span> <span class='ocrx_word' id='word_1_141' title='bbox 330 1875 407 1918; x_wconf 86' lang='lat' dir='ltr'>casu</span> <span class='ocrx_word' id='word_1_142' title='bbox 427 1852 548 1918; x_wconf 88' lang='lat' dir='ltr'>factum</span> <span class='ocrx_word' id='word_1_143' title='bbox 570 1874 639 1918; x_wconf 89' lang='lat' dir='ltr'>esse</span> <span class='ocrx_word' id='word_1_144' title='bbox 661 1852 815 1930; x_wconf 88' lang='lat' dir='ltr'>dicamus,</span> <span class='ocrx_word' id='word_1_145' title='bbox 843 1851 998 1936; x_wconf 91' lang='lat' dir='ltr'>siquidem</span> <span class='ocrx_word' id='word_1_146' title='bbox 1026 1873 1063 1916; x_wconf 88' lang='lat' dir='ltr'>ea</span> <span class='ocrx_word' id='word_1_147' title='bbox 1085 1874 1124 1914; x_wconf 87' lang='lat' dir='ltr'>ex</span> <span class='ocrx_word' id='word_1_148' title='bbox 1146 1872 1197 1913; x_wconf 91' lang='lat' dir='ltr'>re-</span> 
     </span>
     <span class='ocr_line' id='line_1_20' title="bbox 186 1934 1196 2037; baseline -0.006 -33"><span class='ocrx_word' id='word_1_149' title='bbox 186 1938 271 2004; x_wconf 89' lang='lat' dir='ltr'>centi</span> <span class='ocrx_word' id='word_1_150' title='bbox 292 1937 427 2003; x_wconf 88' lang='lat' dir='ltr'>lectione</span> <span class='ocrx_word' id='word_1_151' title='bbox 448 1937 482 2002; x_wconf 93' lang='lat' dir='ltr'>in</span> <span class='ocrx_word' id='word_1_152' title='bbox 502 1939 663 2005; x_wconf 83' lang='lat' dir='ltr'>memoria‘</span> <span class='ocrx_word' id='word_1_153' title='bbox 675 1938 806 2003; x_wconf 90' lang='lat' dir='ltr'>haerere</span> <span class='ocrx_word' id='word_1_154' title='bbox 827 1945 1008 2037; x_wconf 89' lang='lat' dir='ltr'>potuerunt,</span> <span class='ocrx_word' id='word_1_155' title='bbox 1036 1935 1102 1999; x_wconf 87' lang='lat' dir='ltr'>sive</span> <span class='ocrx_word' id='word_1_156' title='bbox 1123 1934 1196 1998; x_wconf 90' lang='lat' dir='ltr'>ideo</span> 
     </span>
     <span class='ocr_line' id='line_1_21' title="bbox 188 2020 1195 2107; baseline -0.006 -19"><span class='ocrx_word' id='word_1_157' title='bbox 188 2024 234 2088; x_wconf 91' lang='lat' dir='ltr'>sic</span> <span class='ocrx_word' id='word_1_158' title='bbox 254 2023 435 2088; x_wconf 89' lang='lat' dir='ltr'>institutum</span> <span class='ocrx_word' id='word_1_159' title='bbox 456 2034 515 2101; x_wconf 89' lang='lat' dir='ltr'>est,</span> <span class='ocrx_word' id='word_1_160' title='bbox 543 2034 579 2086; x_wconf 93' lang='lat' dir='ltr'>ut</span> <span class='ocrx_word' id='word_1_161' title='bbox 605 2024 646 2088; x_wconf 91' lang='lat' dir='ltr'>ab</span> <span class='ocrx_word' id='word_1_162' title='bbox 671 2032 805 2106; x_wconf 90' lang='lat' dir='ltr'>utroque</span> <span class='ocrx_word' id='word_1_163' title='bbox 830 2045 865 2085; x_wconf 88' lang='grc' dir='ltr'>ιιι</span> <span class='ocrx_word' id='word_1_164' title='bbox 893 2020 987 2086; x_wconf 91' lang='lat' dir='ltr'>simili</span> <span class='ocrx_word' id='word_1_165' title='bbox 1008 2027 1195 2107; x_wconf 83' lang='lat' dir='ltr'>argumento</span> 
     </span>
     <span class='ocr_line' id='line_1_22' title="bbox 186 2101 1199 2173; baseline -0.006 -1"><span class='ocrx_word' id='word_1_166' title='bbox 186 2107 383 2173; x_wconf 90' lang='lat' dir='ltr'>elaboratum</span> <span class='ocrx_word' id='word_1_167' title='bbox 412 2129 483 2171; x_wconf 89' lang='lat' dir='ltr'>esse</span> <span class='ocrx_word' id='word_1_168' title='bbox 509 2106 549 2171; x_wconf 88' lang='lat' dir='ltr'>ab</span> <span class='ocrx_word' id='word_1_169' title='bbox 583 2106 730 2172; x_wconf 90' lang='lat' dir='ltr'>omnibus</span> <span class='ocrx_word' id='word_1_170' title='bbox 759 2106 1072 2171; x_wconf 86' lang='lat' dir='ltr'>animadverteretur.</span> <span class='ocrx_word' id='word_1_171' title='bbox 1114 2101 1199 2167; x_wconf 91' lang='lat' dir='ltr'>Uter</span> 
     </span>
     <span class='ocr_line' id='line_1_23' title="bbox 187 2188 1198 2278; baseline -0.005 -21"><span class='ocrx_word' id='word_1_172' title='bbox 187 2202 292 2257; x_wconf 89' lang='lat' dir='ltr'>autem</span> <span class='ocrx_word' id='word_1_173' title='bbox 314 2202 422 2255; x_wconf 90' lang='lat' dir='ltr'>utrum</span> <span class='ocrx_word' id='word_1_174' title='bbox 443 2192 628 2278; x_wconf 89' lang='lat' dir='ltr'>respexerit,</span> <span class='ocrx_word' id='word_1_175' title='bbox 658 2191 763 2256; x_wconf 87' lang='lat' dir='ltr'>adhuc</span> <span class='ocrx_word' id='word_1_176' title='bbox 785 2190 845 2256; x_wconf 91' lang='lat' dir='ltr'>sub</span> <span class='ocrx_word' id='word_1_177' title='bbox 866 2188 972 2255; x_wconf 86' lang='lat' dir='ltr'>iudice</span> <span class='ocrx_word' id='word_1_178' title='bbox 992 2190 1032 2254; x_wconf 90' lang='lat' dir='ltr'>lis</span> <span class='ocrx_word' id='word_1_179' title='bbox 1054 2197 1113 2266; x_wconf 89' lang='lat' dir='ltr'>est,</span> <span class='ocrx_word' id='word_1_180' title='bbox 1140 2210 1198 2252; x_wconf 94' lang='lat' dir='ltr'>ne-</span> 
     </span>
     <span class='ocr_line' id='line_1_24' title="bbox 187 2274 1200 2360; baseline -0.004 -20"><span class='ocrx_word' id='word_1_181' title='bbox 187 2297 249 2360; x_wconf 92' lang='lat' dir='ltr'>que</span> <span class='ocrx_word' id='word_1_182' title='bbox 278 2275 404 2340; x_wconf 88' lang='lat' dir='ltr'>videtur</span> <span class='ocrx_word' id='word_1_183' title='bbox 432 2297 485 2340; x_wconf 89' lang='lat' dir='ltr'>res</span> <span class='ocrx_word' id='word_1_184' title='bbox 511 2276 553 2340; x_wconf 87' lang='lat' dir='ltr'>ad</span> <span class='ocrx_word' id='word_1_185' title='bbox 580 2276 664 2341; x_wconf 92' lang='lat' dir='ltr'>hunc</span> <span class='ocrx_word' id='word_1_186' title='bbox 690 2298 791 2360; x_wconf 90' lang='lat' dir='ltr'>usque</span> <span class='ocrx_word' id='word_1_187' title='bbox 819 2275 903 2340; x_wconf 91' lang='lat' dir='ltr'>diem</span> <span class='ocrx_word' id='word_1_188' title='bbox 925 2274 1024 2340; x_wconf 91' lang='lat' dir='ltr'>dubia</span> <span class='ocrx_word' id='word_1_189' title='bbox 1045 2284 1077 2338; x_wconf 86' lang='lat' dir='ltr'>et</span> <span class='ocrx_word' id='word_1_190' title='bbox 1096 2294 1200 2358; x_wconf 90' lang='lat' dir='ltr'>nuper</span> 
     </span>
     <span class='ocr_line' id='line_1_25' title="bbox 186 2358 1198 2446; baseline -0.006 -19"><span class='ocrx_word' id='word_1_191' title='bbox 186 2367 313 2445; x_wconf 87' lang='lat' dir='ltr'>quoque</span> <span class='ocrx_word' id='word_1_192' title='bbox 334 2360 498 2425; x_wconf 82' lang='lat' dir='ltr'>acerrimis</span> <span class='ocrx_word' id='word_1_193' title='bbox 520 2361 742 2426; x_wconf 87' lang='lat' dir='ltr'>controversiis</span> <span class='ocrx_word' id='word_1_194' title='bbox 756 2360 876 2446; x_wconf 84' lang='lat' dir='ltr'>agitata</span> <span class='ocrx_word' id='word_1_195' title='bbox 890 2360 935 2424; x_wconf 90' lang='lat' dir='ltr'>ita</span> <span class='ocrx_word' id='word_1_196' title='bbox 950 2358 1079 2424; x_wconf 90' lang='lat' dir='ltr'>decerni</span> <span class='ocrx_word' id='word_1_197' title='bbox 1093 2379 1198 2443; x_wconf 88' lang='lat' dir='ltr'>posse,</span> 
     </span>
     <span class='ocr_line' id='line_1_26' title="bbox 187 2444 1199 2532; baseline -0.002 -23"><span class='ocrx_word' id='word_1_198' title='bbox 187 2457 224 2509; x_wconf 90' lang='lat' dir='ltr'>ut</span> <span class='ocrx_word' id='word_1_199' title='bbox 244 2445 322 2530; x_wconf 87' lang='lat' dir='ltr'>quid</span> <span class='ocrx_word' id='word_1_200' title='bbox 342 2468 401 2531; x_wconf 92' lang='lat' dir='ltr'>pro</span> <span class='ocrx_word' id='word_1_201' title='bbox 423 2469 499 2512; x_wconf 88' lang='lat' dir='ltr'>vero</span> <span class='ocrx_word' id='word_1_202' title='bbox 520 2446 721 2532; x_wconf 90' lang='lat' dir='ltr'>probandum</span> <span class='ocrx_word' id='word_1_203' title='bbox 743 2444 795 2523; x_wconf 90' lang='lat' dir='ltr'>sit,</span> <span class='ocrx_word' id='word_1_204' title='bbox 817 2445 902 2508; x_wconf 90' lang='lat' dir='ltr'>omni</span> <span class='ocrx_word' id='word_1_205' title='bbox 925 2467 965 2510; x_wconf 92' lang='lat' dir='ltr'>ex</span> <span class='ocrx_word' id='word_1_206' title='bbox 981 2454 1073 2528; x_wconf 88' lang='lat' dir='ltr'>parte</span> <span class='ocrx_word' id='word_1_207' title='bbox 1088 2444 1199 2530; x_wconf 91' lang='lat' dir='ltr'>explo-</span> 
     </span>
     <span class='ocr_line' id='line_1_27' title="bbox 187 2529 650 2615; baseline 0 -20"><span class='ocrx_word' id='word_1_208' title='bbox 187 2541 293 2595; x_wconf 90' lang='lat' dir='ltr'>ratum</span> <span class='ocrx_word' id='word_1_209' title='bbox 314 2529 515 2615; x_wconf 79' lang='lat' dir='ltr'>habeatur*).</span> <span class='ocrx_word' id='word_1_210' title='bbox 648 2555 650 2559; x_wconf 78' lang='grc'><strong>’</strong></span> 
     </span>
    </p>
   </div>
   <div class='ocr_carea' id='block_1_3' title="bbox 222 2786 1281 4144">
    <p class='ocr_par' dir='ltr' id='par_1_3' title="bbox 222 2786 1281 4144">
     <span class='ocr_line' id='line_1_28' title="bbox 222 2786 1199 2852; baseline -0.002 -14"><span class='ocrx_word' id='word_1_211' title='bbox 222 2786 248 2850; x_wconf 85' lang='grc'>*)</span> <span class='ocrx_word' id='word_1_212' title='bbox 275 2788 325 2838; x_wconf 82' lang='lat' dir='ltr'>Res</span> <span class='ocrx_word' id='word_1_213' title='bbox 348 2803 428 2852; x_wconf 88' lang='lat' dir='ltr'>nuper</span> <span class='ocrx_word' id='word_1_214' title='bbox 450 2789 551 2838; x_wconf 89' lang='lat' dir='ltr'>demum</span> <span class='ocrx_word' id='word_1_215' title='bbox 572 2788 709 2839; x_wconf 79' lang='lat' dir='ltr'>acrioribus</span> <span class='ocrx_word' id='word_1_216' title='bbox 731 2789 819 2838; x_wconf 90' lang='lat' dir='ltr'>studiis</span> <span class='ocrx_word' id='word_1_217' title='bbox 841 2802 926 2837; x_wconf 88' lang='lat' dir='ltr'>rursus</span> <span class='ocrx_word' id='word_1_218' title='bbox 947 2787 974 2836; x_wconf 94' lang='lat' dir='ltr'>in</span> <span class='ocrx_word' id='word_1_219' title='bbox 993 2787 1199 2851; x_wconf 86' lang='lat' dir='ltr'>disceptationem</span> 
     </span>
     <span class='ocr_line' id='line_1_29' title="bbox 271 2855 1200 2919; baseline -0.002 -14"><span class='ocrx_word' id='word_1_220' title='bbox 271 2864 361 2907; x_wconf 83' lang='lat' dir='ltr'>vocata</span> <span class='ocrx_word' id='word_1_221' title='bbox 378 2865 423 2907; x_wconf 82' lang='lat' dir='ltr'>est</span> <span class='ocrx_word' id='word_1_222' title='bbox 452 2856 518 2907; x_wconf 82' lang='lat' dir='ltr'>Nam</span> <span class='ocrx_word' id='word_1_223' title='bbox 536 2855 565 2907; x_wconf 84' lang='lat' dir='ltr'>C.</span> <span class='ocrx_word' id='word_1_224' title='bbox 582 2855 854 2916; x_wconf 63' lang='lat' dir='ltr'>herimmannus,</span> <span class='ocrx_word' id='word_1_225' title='bbox 872 2871 951 2919; x_wconf 91' lang='lat' dir='ltr'>quum</span> <span class='ocrx_word' id='word_1_226' title='bbox 967 2857 994 2904; x_wconf 89' lang='lat' dir='ltr'>in</span> <span class='ocrx_word' id='word_1_227' title='bbox 1011 2855 1140 2906; x_wconf 89' lang='lat' dir='ltr'>Indicibus</span> <span class='ocrx_word' id='word_1_228' title='bbox 1151 2856 1200 2905; x_wconf 84' lang='lat' dir='ltr'>Le-</span> 
     </span>
     <span class='ocr_line' id='line_1_30' title="bbox 271 2924 1200 2987; baseline -0.001 -13"><span class='ocrx_word' id='word_1_229' title='bbox 271 2926 392 2986; x_wconf 85' lang='lat' dir='ltr'>ctionum,</span> <span class='ocrx_word' id='word_1_230' title='bbox 410 2927 537 2987; x_wconf 82' lang='lat' dir='ltr'>Morburg.</span> <span class='ocrx_word' id='word_1_231' title='bbox 550 2941 573 2973; x_wconf 84' lang='lat' dir='ltr'>a.</span> <span class='ocrx_word' id='word_1_232' title='bbox 589 2928 762 2975; x_wconf 72' lang='lat' dir='ltr'>leet-1835.</span> <span class='ocrx_word' id='word_1_233' title='bbox 780 2931 804 2974; x_wconf 76' lang='lat'>4.</span> <span class='ocrx_word' id='word_1_234' title='bbox 817 2924 884 2983; x_wconf 77' lang='lat' dir='ltr'>mai,</span> <span class='ocrx_word' id='word_1_235' title='bbox 897 2925 1030 2973; x_wconf 87' lang='lat' dir='ltr'>ostendere</span> <span class='ocrx_word' id='word_1_236' title='bbox 1043 2931 1149 2973; x_wconf 90' lang='lat' dir='ltr'>conatus</span> <span class='ocrx_word' id='word_1_237' title='bbox 1162 2938 1200 2973; x_wconf 89' lang='lat' dir='ltr'>es-</span> 
     </span>
     <span class='ocr_line' id='line_1_31' title="bbox 272 2991 1201 3057; baseline -0.004 -14"><span class='ocrx_word' id='word_1_238' title='bbox 272 3001 316 3055; x_wconf 88' lang='lat' dir='ltr'>set,</span> <span class='ocrx_word' id='word_1_239' title='bbox 328 2993 526 3057; x_wconf 88' lang='lat' dir='ltr'>Xenophontem</span> <span class='ocrx_word' id='word_1_240' title='bbox 540 2992 696 3042; x_wconf 85' lang='lat' dir='ltr'>edPlatonis</span> <span class='ocrx_word' id='word_1_241' title='bbox 706 2992 869 3056; x_wconf 77' lang='lat' dir='ltr'>symposium</span> <span class='ocrx_word' id='word_1_242' title='bbox 877 2992 1018 3055; x_wconf 84' lang='lat' dir='ltr'>respexisse</span> <span class='ocrx_word' id='word_1_243' title='bbox 1034 2998 1062 3040; x_wconf 91' lang='lat' dir='ltr'>nt</span> <span class='ocrx_word' id='word_1_244' title='bbox 1071 2992 1140 3054; x_wconf 91' lang='lat' dir='ltr'>prius</span> <span class='ocrx_word' id='word_1_245' title='bbox 1149 2991 1201 3039; x_wconf 90' lang='lat' dir='ltr'>edi-</span> 
     </span>
     <span class='ocr_line' id='line_1_32' title="bbox 271 3058 1200 3123; baseline -0.004 -12"><span class='ocrx_word' id='word_1_246' title='bbox 271 3071 334 3123; x_wconf 89' lang='lat' dir='ltr'>tum,</span> <span class='ocrx_word' id='word_1_247' title='bbox 356 3061 511 3111; x_wconf 86' lang='lat' dir='ltr'>adversarius</span> <span class='ocrx_word' id='word_1_248' title='bbox 529 3061 553 3110; x_wconf 90' lang='lat' dir='ltr'>ei</span> <span class='ocrx_word' id='word_1_249' title='bbox 570 3060 653 3110; x_wconf 87' lang='lat' dir='ltr'>extitit</span> <span class='ocrx_word' id='word_1_250' title='bbox 669 3061 703 3110; x_wconf 90' lang='lat' dir='ltr'>A.</span> <span class='ocrx_word' id='word_1_251' title='bbox 721 3058 743 3110; x_wconf 90' lang='grc' dir='ltr'>Ι.</span> <span class='ocrx_word' id='word_1_252' title='bbox 760 3062 789 3111; x_wconf 82' lang='lat' dir='ltr'>F.</span> <span class='ocrx_word' id='word_1_253' title='bbox 802 3060 1054 3123; x_wconf 73' lang='lat' dir='ltr'>Hearichsenius</span> <span class='ocrx_word' id='word_1_254' title='bbox 1071 3061 1200 3122; x_wconf 85' lang='lat' dir='ltr'>Flenopo-</span> 
     </span>
     <span class='ocr_line' id='line_1_33' title="bbox 270 3127 1200 3180; baseline -0.004 -1"><span class='ocrx_word' id='word_1_255' title='bbox 270 3131 365 3180; x_wconf 88' lang='lat' dir='ltr'>litanus</span> <span class='ocrx_word' id='word_1_256' title='bbox 382 3131 409 3179; x_wconf 93' lang='lat' dir='ltr'>in</span> <span class='ocrx_word' id='word_1_257' title='bbox 421 3129 607 3180; x_wconf 80' lang='lat' dir='ltr'>dissertatione:</span> <span class='ocrx_word' id='word_1_258' title='bbox 624 3129 670 3180; x_wconf 91' lang='lat' dir='ltr'>De</span> <span class='ocrx_word' id='word_1_259' title='bbox 687 3129 824 3179; x_wconf 91' lang='lat' dir='ltr'>consilio</span> <span class='ocrx_word' id='word_1_260' title='bbox 843 3137 873 3177; x_wconf 88' lang='lat' dir='ltr'>et</span> <span class='ocrx_word' id='word_1_261' title='bbox 890 3135 958 3177; x_wconf 87' lang='lat' dir='ltr'>arte</span> <span class='ocrx_word' id='word_1_262' title='bbox 976 3127 1127 3176; x_wconf 80' lang='lat' dir='ltr'>Convivii</span> <span class='ocrx_word' id='word_1_263' title='bbox 1143 3129 1200 3176; x_wconf 91' lang='lat' dir='ltr'>Xe-</span> 
     </span>
     <span class='ocr_line' id='line_1_34' title="bbox 272 3195 1201 3262; baseline -0.005 -15"><span class='ocrx_word' id='word_1_264' title='bbox 272 3200 450 3262; x_wconf 89' lang='lat' dir='ltr'>nophontei</span> <span class='ocrx_word' id='word_1_265' title='bbox 468 3199 600 3260; x_wconf 86' lang='lat' dir='ltr'>eiusque</span> <span class='ocrx_word' id='word_1_266' title='bbox 617 3198 861 3247; x_wconf 84' lang='lat' dir='ltr'>cnmPletonieo</span> <span class='ocrx_word' id='word_1_267' title='bbox 879 3195 1124 3246; x_wconf 88' lang='lat' dir='ltr'>necessitudine.</span> <span class='ocrx_word' id='word_1_268' title='bbox 1142 3195 1201 3243; x_wconf 84' lang='lat' dir='ltr'>Fle-</span> 
     </span>
     <span class='ocr_line' id='line_1_35' title="bbox 271 3261 1200 3329; baseline -0.008 -15"><span class='ocrx_word' id='word_1_269' title='bbox 271 3266 456 3328; x_wconf 82' lang='lat' dir='ltr'>nopoli‚1840.</span> <span class='ocrx_word' id='word_1_270' title='bbox 475 3273 507 3324; x_wconf 85' lang='grc'>4.,</span> <span class='ocrx_word' id='word_1_271' title='bbox 525 3266 568 3328; x_wconf 92' lang='lat' dir='ltr'>qui</span> <span class='ocrx_word' id='word_1_272' title='bbox 579 3266 779 3328; x_wconf 88' lang='lat' dir='ltr'>Xenophontem</span> <span class='ocrx_word' id='word_1_273' title='bbox 794 3265 903 3329; x_wconf 83' lang='lat' dir='ltr'>priorem</span> <span class='ocrx_word' id='word_1_274' title='bbox 920 3263 1048 3327; x_wconf 85' lang='lat' dir='ltr'>scripsisse</span> <span class='ocrx_word' id='word_1_275' title='bbox 1065 3261 1200 3319; x_wconf 80' lang='lat' dir='ltr'>contendit,</span> 
     </span>
     <span class='ocr_line' id='line_1_36' title="bbox 273 3330 1198 3396; baseline -0.008 -16"><span class='ocrx_word' id='word_1_276' title='bbox 273 3335 317 3381; x_wconf 88' lang='lat' dir='ltr'>sed</span> <span class='ocrx_word' id='word_1_277' title='bbox 334 3334 441 3382; x_wconf 88' lang='lat' dir='ltr'>alterum</span> <span class='ocrx_word' id='word_1_278' title='bbox 458 3333 605 3396; x_wconf 86' lang='lat' dir='ltr'>scriptorem</span> <span class='ocrx_word' id='word_1_279' title='bbox 617 3334 649 3383; x_wconf 91' lang='lat' dir='ltr'>ab</span> <span class='ocrx_word' id='word_1_280' title='bbox 661 3333 741 3381; x_wconf 86' lang='lat' dir='ltr'>altero</span> <span class='ocrx_word' id='word_1_281' title='bbox 754 3339 923 3396; x_wconf 87' lang='lat' dir='ltr'>respectatum</span> <span class='ocrx_word' id='word_1_282' title='bbox 934 3346 989 3382; x_wconf 88' lang='lat' dir='ltr'>esse</span> <span class='ocrx_word' id='word_1_283' title='bbox 1000 3330 1103 3378; x_wconf 90' lang='lat' dir='ltr'>omnino</span> <span class='ocrx_word' id='word_1_284' title='bbox 1115 3334 1198 3388; x_wconf 80' lang='lat' dir='ltr'>negat.</span> 
     </span>
     <span class='ocr_line' id='line_1_37' title="bbox 273 3394 1281 3467; baseline -0.008 -20"><span class='ocrx_word' id='word_1_285' title='bbox 273 3399 321 3447; x_wconf 83' lang='lat' dir='ltr'>Cui</span> <span class='ocrx_word' id='word_1_286' title='bbox 338 3401 468 3462; x_wconf 90' lang='lat' dir='ltr'>respondit</span> <span class='ocrx_word' id='word_1_287' title='bbox 478 3401 678 3449; x_wconf 90' lang='lat' dir='ltr'>Hermannus</span> <span class='ocrx_word' id='word_1_288' title='bbox 696 3399 723 3448; x_wconf 93' lang='lat' dir='ltr'>in</span> <span class='ocrx_word' id='word_1_289' title='bbox 734 3398 863 3449; x_wconf 87' lang='lat' dir='ltr'>Indicibus</span> <span class='ocrx_word' id='word_1_290' title='bbox 874 3400 955 3450; x_wconf 79' lang='lat' dir='ltr'>Lectt</span> <span class='ocrx_word' id='word_1_291' title='bbox 973 3398 1100 3457; x_wconf 84' lang='lat' dir='ltr'>Marburg.</span> <span class='ocrx_word' id='word_1_292' title='bbox 1112 3394 1199 3443; x_wconf 83' lang='lat' dir='ltr'>aestiv.</span> <span class='ocrx_word' id='word_1_293' title='bbox 1276 3448 1281 3467; x_wconf 51' lang='grc' dir='ltr'>Ι</span> 
     </span>
     <span class='ocr_line' id='line_1_38' title="bbox 273 3462 1200 3530; baseline -0.008 -16"><span class='ocrx_word' id='word_1_294' title='bbox 273 3482 296 3514; x_wconf 91' lang='lat' dir='ltr'>a.</span> <span class='ocrx_word' id='word_1_295' title='bbox 320 3472 402 3527; x_wconf 77' lang='lat'>1841,</span> <span class='ocrx_word' id='word_1_296' title='bbox 425 3469 452 3516; x_wconf 91' lang='lat' dir='ltr'>in</span> <span class='ocrx_word' id='word_1_297' title='bbox 469 3482 520 3530; x_wconf 93' lang='lat' dir='ltr'>quo</span> <span class='ocrx_word' id='word_1_298' title='bbox 537 3468 601 3516; x_wconf 91' lang='lat' dir='ltr'>libro</span> <span class='ocrx_word' id='word_1_299' title='bbox 623 3466 755 3528; x_wconf 88' lang='lat' dir='ltr'>pristinam</span> <span class='ocrx_word' id='word_1_300' title='bbox 777 3468 928 3517; x_wconf 87' lang='lat' dir='ltr'>sententiam</span> <span class='ocrx_word' id='word_1_301' title='bbox 949 3480 1020 3516; x_wconf 90' lang='lat' dir='ltr'>snam</span> <span class='ocrx_word' id='word_1_302' title='bbox 1042 3462 1153 3513; x_wconf 83' lang='lat' dir='ltr'>defendit</span> <span class='ocrx_word' id='word_1_303' title='bbox 1175 3466 1200 3508; x_wconf 92' lang='lat' dir='ltr'>et</span> 
     </span>
     <span class='ocr_line' id='line_1_39' title="bbox 274 3529 1199 3598; baseline -0.004 -17"><span class='ocrx_word' id='word_1_304' title='bbox 274 3533 365 3581; x_wconf 89' lang='lat' dir='ltr'>clarius</span> <span class='ocrx_word' id='word_1_305' title='bbox 388 3535 540 3596; x_wconf 88' lang='lat' dir='ltr'>explicatam</span> <span class='ocrx_word' id='word_1_306' title='bbox 563 3534 685 3593; x_wconf 87' lang='lat' dir='ltr'>exhibuit,</span> <span class='ocrx_word' id='word_1_307' title='bbox 707 3534 743 3584; x_wconf 88' lang='lat' dir='ltr'>ita</span> <span class='ocrx_word' id='word_1_308' title='bbox 764 3536 874 3598; x_wconf 91' lang='lat' dir='ltr'>quidem,</span> <span class='ocrx_word' id='word_1_309' title='bbox 896 3543 925 3584; x_wconf 89' lang='lat' dir='ltr'>nt</span> <span class='ocrx_word' id='word_1_310' title='bbox 947 3533 1024 3582; x_wconf 91' lang='lat' dir='ltr'>etiam</span> <span class='ocrx_word' id='word_1_311' title='bbox 1044 3529 1134 3578; x_wconf 90' lang='lat' dir='ltr'>certius</span> <span class='ocrx_word' id='word_1_312' title='bbox 1157 3530 1199 3578; x_wconf 90' lang='lat' dir='ltr'>de·</span> 
     </span>
     <span class='ocr_line' id='line_1_40' title="bbox 274 3597 1200 3665; baseline -0.003 -17"><span class='ocrx_word' id='word_1_313' title='bbox 274 3602 456 3661; x_wconf 85' lang='lat' dir='ltr'>monstraverit,</span> <span class='ocrx_word' id='word_1_314' title='bbox 480 3602 550 3663; x_wconf 91' lang='lat' dir='ltr'>quod</span> <span class='ocrx_word' id='word_1_315' title='bbox 571 3602 616 3650; x_wconf 84' lang='lat' dir='ltr'>vix</span> <span class='ocrx_word' id='word_1_316' title='bbox 638 3601 770 3665; x_wconf 85' lang='lat' dir='ltr'>quisquam</span> <span class='ocrx_word' id='word_1_317' title='bbox 787 3611 862 3652; x_wconf 87' lang='lat' dir='ltr'>antea</span> <span class='ocrx_word' id='word_1_318' title='bbox 878 3600 1026 3664; x_wconf 82' lang='lat' dir='ltr'>negavisset,</span> <span class='ocrx_word' id='word_1_319' title='bbox 1048 3597 1121 3647; x_wconf 85' lang='lat' dir='ltr'>elteri</span> <span class='ocrx_word' id='word_1_320' title='bbox 1138 3597 1200 3645; x_wconf 90' lang='lat' dir='ltr'>alte·</span> 
     </span>
     <span class='ocr_line' id='line_1_41' title="bbox 275 3666 1201 3729; baseline -0.004 -12"><span class='ocrx_word' id='word_1_321' title='bbox 275 3669 326 3718; x_wconf 88' lang='lat' dir='ltr'>rius</span> <span class='ocrx_word' id='word_1_322' title='bbox 343 3668 436 3717; x_wconf 91' lang='lat' dir='ltr'>librum</span> <span class='ocrx_word' id='word_1_323' title='bbox 448 3669 507 3718; x_wconf 69' lang='lat' dir='ltr'>vsine</span> <span class='ocrx_word' id='word_1_324' title='bbox 525 3668 601 3717; x_wconf 91' lang='lat' dir='ltr'>dubio</span> <span class='ocrx_word' id='word_1_325' title='bbox 620 3670 653 3718; x_wconf 92' lang='lat' dir='ltr'>ob</span> <span class='ocrx_word' id='word_1_326' title='bbox 671 3672 759 3720; x_wconf 91' lang='lat' dir='ltr'>oculos</span> <span class='ocrx_word' id='word_1_327' title='bbox 776 3679 902 3721; x_wconf 83' lang='lat' dir='ltr'>versatum</span> <span class='ocrx_word' id='word_1_328' title='bbox 913 3681 975 3728; x_wconf 88' lang='lat' dir='ltr'>esse,</span> <span class='ocrx_word' id='word_1_329' title='bbox 993 3666 1107 3728; x_wconf 88' lang='lat' dir='ltr'>adeoque</span> <span class='ocrx_word' id='word_1_330' title='bbox 1120 3666 1201 3729; x_wconf 90' lang='lat' dir='ltr'>suspi-</span> 
     </span>
     <span class='ocr_line' id='line_1_42' title="bbox 273 3733 1202 3800; baseline -0.004 -15"><span class='ocrx_word' id='word_1_331' title='bbox 273 3743 344 3786; x_wconf 83' lang='lat' dir='ltr'>catus</span> <span class='ocrx_word' id='word_1_332' title='bbox 362 3737 394 3786; x_wconf 89' lang='lat' dir='ltr'>sit</span> <span class='ocrx_word' id='word_1_333' title='bbox 406 3733 443 3800; x_wconf 91' lang='lat' dir='ltr'>(p.</span> <span class='ocrx_word' id='word_1_334' title='bbox 455 3733 516 3798; x_wconf 86' lang='lat' dir='ltr'><strong>VI.)</strong></span> <span class='ocrx_word' id='word_1_335' title='bbox 534 3737 732 3799; x_wconf 89' lang='lat' dir='ltr'>Xenophontem</span> <span class='ocrx_word' id='word_1_336' title='bbox 750 3737 856 3788; x_wconf 87' lang='lat' dir='ltr'>fortasse</span> <span class='ocrx_word' id='word_1_337' title='bbox 867 3743 956 3786; x_wconf 82' lang='lat' dir='ltr'>contra</span> <span class='ocrx_word' id='word_1_338' title='bbox 972 3735 1055 3797; x_wconf 90' lang='lat' dir='ltr'>ipsum</span> <span class='ocrx_word' id='word_1_339' title='bbox 1066 3733 1202 3783; x_wconf 86' lang='lat' dir='ltr'>Platonem</span> 
     </span>
     <span class='ocr_line' id='line_1_43' title="bbox 274 3803 1203 3868; baseline -0.005 -13"><span class='ocrx_word' id='word_1_340' title='bbox 274 3806 387 3867; x_wconf 86' lang='lat' dir='ltr'>magistri</span> <span class='ocrx_word' id='word_1_341' title='bbox 404 3806 443 3854; x_wconf 89' lang='lat' dir='ltr'>sui</span> <span class='ocrx_word' id='word_1_342' title='bbox 459 3805 609 3853; x_wconf 89' lang='lat' dir='ltr'>memoriam</span> <span class='ocrx_word' id='word_1_343' title='bbox 626 3806 689 3854; x_wconf 89' lang='lat' dir='ltr'>tueri</span> <span class='ocrx_word' id='word_1_344' title='bbox 706 3806 824 3868; x_wconf 87' lang='lat' dir='ltr'>voluisse,</span> <span class='ocrx_word' id='word_1_345' title='bbox 847 3819 922 3868; x_wconf 91' lang='lat' dir='ltr'>quem</span> <span class='ocrx_word' id='word_1_346' title='bbox 944 3818 1022 3866; x_wconf 91' lang='lat' dir='ltr'>quum</span> <span class='ocrx_word' id='word_1_347' title='bbox 1044 3803 1104 3851; x_wconf 91' lang='lat' dir='ltr'>huic</span> <span class='ocrx_word' id='word_1_348' title='bbox 1119 3803 1203 3850; x_wconf 86' lang='lat' dir='ltr'>multa</span> 
     </span>
     <span class='ocr_line' id='line_1_44' title="bbox 274 3869 1203 3936; baseline -0.006 -13"><span class='ocrx_word' id='word_1_349' title='bbox 274 3874 389 3923; x_wconf 90' lang='lat' dir='ltr'>tribuisse</span> <span class='ocrx_word' id='word_1_350' title='bbox 411 3874 577 3932; x_wconf 84' lang='lat' dir='ltr'>existimaret,</span> <span class='ocrx_word' id='word_1_351' title='bbox 606 3889 671 3935; x_wconf 89' lang='lat' dir='ltr'>quae</span> <span class='ocrx_word' id='word_1_352' title='bbox 693 3874 821 3934; x_wconf 83' lang='lat' dir='ltr'>Socrates,</span> <span class='ocrx_word' id='word_1_353' title='bbox 848 3871 929 3936; x_wconf 84' lang='lat' dir='ltr'>qualis</span> <span class='ocrx_word' id='word_1_354' title='bbox 956 3871 984 3920; x_wconf 90' lang='lat' dir='ltr'>in</span> <span class='ocrx_word' id='word_1_355' title='bbox 1004 3871 1057 3920; x_wconf 86' lang='lat' dir='ltr'>vita</span> <span class='ocrx_word' id='word_1_356' title='bbox 1079 3885 1125 3921; x_wconf 88' lang='lat' dir='ltr'>sua</span> <span class='ocrx_word' id='word_1_357' title='bbox 1146 3869 1203 3928; x_wconf 89' lang='lat' dir='ltr'>fuit,</span> 
     </span>
     <span class='ocr_line' id='line_1_45' title="bbox 275 3939 1203 4005; baseline -0.006 -13"><span class='ocrx_word' id='word_1_358' title='bbox 275 3957 413 4005; x_wconf 89' lang='lat' dir='ltr'>numquam</span> <span class='ocrx_word' id='word_1_359' title='bbox 431 3941 540 3991; x_wconf 87' lang='lat' dir='ltr'>dicturus</span> <span class='ocrx_word' id='word_1_360' title='bbox 559 3940 701 3992; x_wconf 86' lang='lat' dir='ltr'>facturusve</span> <span class='ocrx_word' id='word_1_361' title='bbox 718 3942 795 3992; x_wconf 88' lang='lat' dir='ltr'>fuisse</span> <span class='ocrx_word' id='word_1_362' title='bbox 812 3943 945 4002; x_wconf 87' lang='lat' dir='ltr'>videretur,</span> <span class='ocrx_word' id='word_1_363' title='bbox 967 3941 1051 4004; x_wconf 87' lang='lat' dir='ltr'>ipsum</span> <span class='ocrx_word' id='word_1_364' title='bbox 1068 3939 1203 3989; x_wconf 90' lang='lat' dir='ltr'>verisimile</span> 
     </span>
     <span class='ocr_line' id='line_1_46' title="bbox 276 4009 1202 4077; baseline -0.004 -19"><span class='ocrx_word' id='word_1_365' title='bbox 276 4026 329 4060; x_wconf 89' lang='lat' dir='ltr'>csso</span> <span class='ocrx_word' id='word_1_366' title='bbox 346 4011 414 4060; x_wconf 89' lang='lat' dir='ltr'>illius</span> <span class='ocrx_word' id='word_1_367' title='bbox 427 4010 549 4060; x_wconf 80' lang='lat' dir='ltr'>Convivia</span> <span class='ocrx_word' id='word_1_368' title='bbox 568 4026 640 4059; x_wconf 86' lang='lat' dir='ltr'>suurn</span> <span class='ocrx_word' id='word_1_369' title='bbox 658 4011 815 4077; x_wconf 81' lang='lat' dir='ltr'>opposuisse,</span> <span class='ocrx_word' id='word_1_370' title='bbox 834 4025 885 4073; x_wconf 89' lang='lat' dir='ltr'>quo</span> <span class='ocrx_word' id='word_1_371' title='bbox 904 4010 1055 4070; x_wconf 86' lang='lat' dir='ltr'>ostenderet,</span> <span class='ocrx_word' id='word_1_372' title='bbox 1074 4009 1202 4071; x_wconf 87' lang='lat' dir='ltr'>quomodo</span> 
     </span>
     <span class='ocr_line' id='line_1_47' title="bbox 275 4077 1203 4144; baseline -0.004 -17"><span class='ocrx_word' id='word_1_373' title='bbox 275 4079 342 4128; x_wconf 86' lang='lat' dir='ltr'>fictio</span> <span class='ocrx_word' id='word_1_374' title='bbox 361 4087 506 4144; x_wconf 82' lang='lat' dir='ltr'>comparata</span> <span class='ocrx_word' id='word_1_375' title='bbox 524 4094 576 4129; x_wconf 87' lang='lat' dir='ltr'>csso</span> <span class='ocrx_word' id='word_1_376' title='bbox 594 4080 725 4140; x_wconf 87' lang='lat' dir='ltr'>debuisset,</span> <span class='ocrx_word' id='word_1_377' title='bbox 744 4079 764 4129; x_wconf 89' lang='lat' dir='ltr'>si</span> <span class='ocrx_word' id='word_1_378' title='bbox 781 4078 856 4129; x_wconf 87' lang='lat' dir='ltr'>Plato</span> <span class='ocrx_word' id='word_1_379' title='bbox 875 4080 915 4130; x_wconf 84' lang='lat' dir='ltr'>vel</span> <span class='ocrx_word' id='word_1_380' title='bbox 933 4079 1043 4129; x_wconf 82' lang='lat' dir='ltr'>maxime</span> <span class='ocrx_word' id='word_1_381' title='bbox 1056 4077 1203 4140; x_wconf 86' lang='lat' dir='ltr'>magistrum</span> 
     </span>
    </p>
   </div>
   <div class='ocr_carea' id='block_1_4' title="bbox 0 0 1309 4620">
    <p class='ocr_par' dir='ltr' id='par_1_4' title="bbox 0 0 1309 4620">
     <span class='ocr_line' id='line_1_48' title="bbox 0 0 1309 4620; baseline 0 0"><span class='ocrx_word' id='word_1_382' title='bbox 0 0 1309 4620; x_wconf 95' lang='lat' dir='ltr'> </span> 
     </span>
    </p>
   </div>
  </div>
 </body>
</html>
