2604 4620
136 222 188 269 LII
501 212 768 262 moecenatem

137 352 333 455 floridosque
352 370 474 435 animos
495 367 673 433 inhabitare
738 365 817 430 etice
839 365 946 465 magis
959 366 1152 449 quarrata

137 457 233 521 tiliter
254 455 402 521 ostendat
423 455 470 539 (p.
488 453 557 518 195.
574 451 606 517 D
619 455 688 516 ..1
713 451 743 514 6.
757 448 822 535 Β.).
861 447 924 513 Hrs
948 472 1034 515 vero
1056 472 1152 603 Ἤ

137 542 207 607 sitis
236 540 350 604 deinde
379 563 452 603 cum
479 538 591 603 docere
624 535 760 600 instituit
786 534 880 599 etiam
909 546 1074 617 quattuor
1125 538 1134 553 '

136 625 319 702 virtutibus,
341 646 420 708 quas
442 623 539 708 vulgo
553 622 664 686 dicunt
678 619 863 696 cardinales,
885 618 1056 707 insignem
1069 622 1152 687 ideo-

136 733 199 796 que
220 711 375 796 optimum
397 731 467 774 esse
489 709 536 793 (p.
552 707 623 770 196.
638 704 718 768 Β,
733 705 803 768 197.
820 701 886 788 Q),
914 725 1002 804 quae
1035 710 1071 771 dt
1088 706 1102 771 i

135 794 355 896 multipliciter
383 803 590 868 exornantur,
616 804 654 854 ut
679 811 738 854 nec
763 789 848 853 desit
873 787 906 852 in
926 787 970 855 1is
994 812 1019 874 q

136 880 264 945 luxuria
286 902 324 944 ac
344 879 511 955 festivitas,
535 876 637 959 qualis
659 897 736 939 sanc
756 874 904 938 iuvenem
918 874 1091 960 tragicum
1104 876 1152 941 dc·

137 974 217 1029 ceat.
257 963 321 1027 His
349 962 496 1027 omnibus
517 972 623 1025 autem
644 959 782 1044 denique
804 958 1049 1045 subiunguntur
1072 984 1152 1027 conr·

136 1070 248 1112 munes
276 1047 328 1111 dci
356 1047 483 1123 laudes,
512 1066 605 1128 quae,
637 1043 730 1109 sicuti
759 1065 832 1107 cum
858 1042 1023 1130 singulari
1040 1048 1152 1113 mentis

137 1132 347 1197 concitatione
373 1142 470 1214 atquc
498 1130 707 1209 exultatione,
722 1128 943 1214 proferuntur,
980 1128 1033 1193 ita
1051 1132 1152 1199 etin

137 1217 309 1283 manifesta
335 1239 413 1302 prae
442 1237 476 1279 se
507 1214 614 1278 ferunt
645 1213 722 1277 artis
754 1212 939 1278 rhetoricae.
962 1222 1154 1283 ornament!

138 1303 338 1386 maximeque
367 1298 530 1364 antithetis
556 1308 590 1363 et
614 1297 740 1362 isccolis
767 1297 906 1361 studiose
934 1300 1153 1382 quaesitis-ct

139 1386 297 1451 cumulate
318 1386 473 1450 acervatis
493 1383 636 1469 insignes
652 1394 732 1448 sunt
745 1383 794 1468 (p.
812 1383 881 1449 197.
898 1378 1059 1471 (LE).
1087 1384 1152 1453 Ita

139 1493 202 1555 que
222 1469 404 1570 Agathopis
425 1468 523 1534 oratio
550 1469 646 1533 refert
664 1469 773 1533 nescio
798 1466 876 1552 quid
897 1467 1015 1555 tragini
1037 1471 1154 1537 coloris

140 1554 331 1641 sophistrcae
352 1554 430 1619 artis
451 1553 622 1640 pigmentis
648 1553 788 1618 obducti.
822 1551 1025 1619 Postremum
1045 1566 1153 1623 autem

140 1639 209 1704 eius
230 1652 353 1726 partem
376 1651 521 1725 apertum
542 1647 590 1703 est
609 1638 655 1702 ita
678 1661 747 1703 csse
762 1647 990 1722 comparatam,
1013 1640 1153 1705 ut'unde

140 1726 232 1790 fucus
252 1723 305 1790 ille
327 1724 486 1788 oratorius
501 1724 615 1788 ductus
631 1722 682 1802 sit,
705 1744 798 1786 nemo
813 1722 984 1806 quisquam
997 1723 1150 1813 ambigat.

140 1808 251 1875 Habet
272 1810 356 1875 enim
373 1830 477 1874 sermo
493 1808 663 1873 manifesta
681 1804 864 1894 Gorgianae
882 1808 1083 1893 eloquentiae
1103 1810 1149 1873 si-

140 1918 206 1982 gna
227 1905 260 1960 et
281 1906 479 1982 argumenta,
505 1894 539 1957 id
561 1894 647 1977 quod
669 1890 817 1957 Socrates
838 1891 935 1955 etiam
955 1890 1056 1957 verbis
1068 1894 1144 1957 cla-

139 1979 274 2044 rissimis
289 1980 395 2065 prodit
408 2002 440 2078 p.
457 1979 528 2043 198.
544 1976 594 2054 C,
615 1978 670 2062 qui
690 1999 759 2041 sese
773 1976 970 2062 lepidissime
981 1975 1141 2041 audiendis

141 2063 211 2129 istis
239 2063 285 2127 ait
314 2061 456 2150 Gorgrae
490 2083 560 2126 esse
594 2062 883 2126 commonefactum.
927 2061 975 2126 Et
1001 2060 1138 2127 mulceas

141 2147 238 2211 etiam
251 2148 291 2210 de
304 2145 445 2234 Gorgiae
459 2146 586 2211 dicendi
597 2146 736 2210 artificiis
747 2145 847 2211 Plat.
859 2143 964 2296 Gorg.
1000 2148 1090 2212 ‚tta
1100 2142 1140 2210 G.

140 2231 214 2296 467.
226 2231 265 2296 Β.
280 2242 313 2297 et
326 2229 453 2297 Cicer.
466 2228 557 2296 Orat.
569 2231 631 2310 25,
646 2231 703 2296 ubi
716 2232 795 2295 ratic
810 2231 878 2296 eius
892 2255 931 2296 ve
982 2230 1145 2297 ascribitur

134 2316 195 2381 rel
215 2316 367 2381 imitando
383 2339 534 2418 expressa
549 2328 607 2382 est.
635 2315 749 2401 Itaque
763 2316 892 2402 Agatho
907 2317 1078 2382 manifesto
1089 2322 1146 2381 nc-

141 2411 227 2466 tatur
242 2412 335 2487 atque
349 2414 491 2489 carpatur
506 2412 666 2485 tamquam
680 2401 820 2488 tragicus
831 2399 1028 2502 enGorgiac
1037 2400 1147 2467 schola

140 2486 321 2570 profectus,
352 2487 443 2551 cuius
469 2488 583 2565 oratio,
612 2488 675 2551 iam
697 2487 836 2571 alioquin
857 2487 1067 2573 grandisona,
1093 2496 1145 2549 tu-

142 2570 228 2645 mida
248 2581 282 2634 et
300 2572 386 2634 inani
411 2582 479 2635 arte
501 2571 722 2648 calamistrata,
751 2571 846 2636 etiam
866 2572 1076 2656 sophisticum
1092 2592 1145 2636 oo-

142 2655 241 2719 lorem
263 2654 406 2718 traxerit.
443 2654 487 2718 Et
506 2653 605 2719 habet
625 2678 663 2718 ea
682 2657 823 2740 profecto
844 2680 902 2742 pro
923 2678 1000 2722 vera
1020 2666 1147 2722 senten·

143 2738 258 2803 tiaram
278 2738 494 2824 magnitudine
514 2761 632 2803 vanum
653 2750 822 2820 tumorem,
842 2741 1065 2842 prouacumine
1084 2764 1146 2826 pn·

142 2822 246 2889 lidum
267 2824 464 2910 argutiarum
485 2823 603 2909 frigus,
625 2846 684 2973 pro
707 2825 798 2911 copia
819 2827 1000 2910 drmtnsque
1013 2826 1146 2893 inertem

143 2909 303 2994 quandam
324 2919 421 2993 atquc
441 2909 611 2974 iuvenilem
643 2912 807 2989 uxoriam,
852 2934 888 2975 ro
907 2913 1017 2976 nativa
1037 2932 1145 2976 nume-

142 3017 250 3060 rorum
273 2995 427 3060 suavitate
450 3005 482 3059 et
503 2994 660 3081 elegantia
679 2996 806 3062 inanem
827 2934 1032 3081 lirsum,·quo
1059 2996 1146 3083 paria

142 3077 276 3227 paribus
302 3081 412 3158 relata,
442 3080 586 3145 similiter
607 3081 754 3145 conclusa
782 3080 956 3165 eodemque
977 3093 1072 3168 pacto
1093 3104 1144 3147 ca·

166 3164 251 3228 entia
271 3166 527 3244 accumulantur,
559 3165 695 3248 denique
721 3188 780 3251 pro
801 3167 887 3232 veris
907 3167 1078 3232 virtutibus
1097 3165 1145 3231 di-

141 3247 256 3311 ctionis
271 3259 303 3313 et
316 3250 526 3332 eloquutionis
540 3250 618 3314 vitia
630 3250 693 3314 illis
706 3250 821 3315 affinia.
844 3251 891 3315 At
903 3251 1052 3315 nimirum
1065 3251 1148 3335 hanc

142 3329 270 3394 dicendi
280 3332 605 3419 rationcmAgathoni
615 3336 775 3421 propriam
783 3336 883 3401 firisse
894 3336 1041 3401 discimus
1051 3335 1146 3398 etiarn

144 3434 185 3476 ex
206 3412 414 3500 Aristoph.
435 3416 662 3503 Thesmophor.
684 3443 715 3484 v.
729 3421 770 3483 39
786 3442 831 3504 sq.
853 3422 913 3500 60,
933 3418 988 3485 ubi
1009 3440 1038 3481 v.
1056 3415 1144 3479 Ku-

144 3506 232 3560 eter.
248 3507 281 3561 et
294 3496 484 3586 Bergler,
500 3524 580 3567 vers.
596 3505 658 3568 107
674 3527 720 3589 sq.
741 3529 773 3570 v.
789 3506 870 3583 198.,
891 3503 948 3571 ubi
967 3500 1047 3567 conf.
1067 3522 1144 3565 ann.

143 3578 1146 3670 Fritsch.,AelianoVarr.Hist.XIV.13.,ubiv.Kuhn.,

56 3702 60 3710 ·
144 3675 182 3731 et·
190 3666 446 3734 Philostrato
460 3668 527 3736 Vit.
544 3668 683 3758 sepul.
698 3697 731 3760 p.
743 3676 816 3739 497.
830 3676 880 3740 ed.
893 3674 1000 3743 Olear.
1022 3669 1146 3753 Quam·

135 3751 252 3818 obrem
276 3774 341 3817 non
370 3763 418 3819 est
444 3753 577 3822 dubium
599 3756 697 3825 -huius
725 3780 850 3844 quoque
877 3760 1052 3825 oratioricm
1077 3778 1148 3823 esse

145 3847 305 3923 tamquam
326 3837 368 3903 ad
389 3839 497 3904 vivum
517 3864 702 3928 expressam
726 3846 945 3931 planeque-ad
966 3841 1146 3911 similitudi-

143 3944 218 3988 nem
238 3924 393 4002 dictionis,
417 3946 481 4009 qua
495 3926 574 3991 alias
587 3928 746 4006 utebatur,
768 3942 991 4016 comparatam.
1024 3928 1147 3996 Verum

142 4007 227 4074 enim
241 4030 316 4075 vero
335 4030 433 4095 quum
451 4032 524 4077 eum
545 4011 749 4080 manifestum
768 4013 811 4078 sit
829 4012 1146 4099 italoqaanternia·
