2604 4620
177 235 224 299 Bi
561 238 816 305 retronis

186 440 248 504 μοι
265 416 336 481 ,καὶ
366 412 553 498 πείθομαι·
588 412 686 482 οὐδέν
712 413 804 500 μέντ’
844 407 889 480 ἂν
915 404 1017 495 ἧττον
1045 410 1202 505 ἀκούοιμι

104 499 158 586 ’0
187 518 268 593 νῦν,
297 507 338 578 οὐ
369 512 414 603 πῇ
448 516 659 599 ἐπεχείρησας
693 519 806 601 λέγειν.
861 516 945 607 ipris
968 519 1086 602 ἔγωγε,
1114 506 1136 598 ἦ
1161 515 1197 583 δ’

187 610 234 689 ὅς.
260 608 491 700 ὁμολογοῦμεν
514 610 580 702 γὰρ
608 612 733 696 δήπου,
767 615 796 682 ei'
827 621 876 693 τίς
909 639 941 680 το
966 606 1215 703 ἀναμνησθή-’

183 734 294 792 orrico,
329 715 397 780 δεῖν
429 710 535 782 αὐτὸν
559 718 661 782 τοῦτο
687 712 852 805 πρότερόν
874 739 955 782 ποτε
981 720 1199 784 ἐπίστασθαι.

183 810 287 880 Πάνυ
321 839 373 898 γε,
406 819 479 907 ἔφη.
526 804 604 905 Ἆρ’
641 805 702 884 οὖν
742 821 799 883 καὶ
840 813 913 884 τόδε
956 812 1199 905 ὁμολογοῦμεν,

185 909 271 981 ὅταν
296 912 456 1001 ἐπιστήμη
483 921 731 1004 ποραγίγνητοι
765 915 880 1007 τρόπῳ
916 917 1076 1003 τοιούτῳ,
1113 915 1198 984 ἀνοί-

75 1040 79 1046 ’
184 1036 305 1100 μνηοιν
330 1012 433 1096 aivam
459 1018 537 1101 λέγω
557 1019 591 1082 dd
609 1023 685 1084 riva
704 1017 856 1106 τ’ρόπονς
883 1015 997 1084 τόνδε·
1024 1017 1083 1087 ἐάν
1100 1022 1149 1095 τίς
1165 1041 1195 1082 τι

182 1109 347 1206 πρότερον
373 1108 395 1194 ἢ
420 1109 546 1196 ttoni
574 1113 724 1194 ἀκούσας
751 1114 771 1197 ἦ
799 1141 875 1184 τινα
901 1114 1008 1197 ἄλλην
1035 1118 1197 1200 αἴσθησιν

252 1378 285 1432 0.
322 1376 414 1430 cv’dta
437 1375 528 1447 μέντ’
554 1368 735 1443 ἐν’ἧττον]
761 1374 805 1426 Sic
824 1373 884 1426 vst.
902 1371 976 1427 Vind.
996 1373 1030 1426 Φ,
1051 1377 1073 1425 1.
1089 1370 1116 1424 4.
1134 1372 1220 1426 Pam*

182 1446 247 1503 GL.
265 1447 356 1503 ποιοῖ.
375 1446 446 1504 Flor.
466 1447 491 1498 b.
512 1446 535 1497 d.
556 1462 590 1500 m.
609 1451 636 1498 et
654 1459 707 1498 rec.
726 1457 776 1496 em.
793 1442 871 1498 Bodi.
889 1442 969 1494 Coiat.
986 1442 1051 1495 Vcn.
1069 1440 1106 1492 ss.
1127 1440 1196 1493 Vett.

184 1516 257 1572 editt.
275 1517 351 1571 ov'dis
367 1521 414 1587 pir
431 1512 464 1570 ιῖν
482 1507 570 1584 ἧττον.

254 1620 337 1688 λέγω
360 1620 390 1674 dt
412 1622 488 1673 τίνα
515 1620 655 1691 τρόπον]
682 1621 781 1687 Vulgor
804 1613 869 1686 idyst
893 1613 925 1667 dd
939 1630 998 1667 τινα
1015 1609 1115 1684 τρόπον
1133 1616 1196 1696 τοῦ·

185 1686 245 1738 τόν·
263 1688 308 1739 teir
324 1709 365 1748 τις
381 1708 405 1744 κ.
423 1709 447 1744 τ.
466 1710 490 1745 κ.
509 1691 586 1742 Bodi.
605 1690 674 1741 Tub.
695 1690 755 1742 Vat.
774 1687 835 1740 Per.
854 1684 915 1736 AB.
937 1683 1026 1737 Ambr.
1046 1680 1113 1749 Aug.
1131 1683 1195 1733 Zrtt.

186 1757 244 1820 atii,
264 1761 335 1813 rire:
354 1759 423 1824 quod
442 1760 551 1811 restitui.
587 1759 730 1810 Praeterea
747 1754 823 1807 τόνδε
841 1753 902 1805 dedi
919 1768 933 1803 e
953 1750 1029 1804 Bodi.
1048 1752 1116 1805 Tub.
1130 1750 1195 1802 Veu.

186 1824 224 1876 Π.
250 1827 389 1879 emendata
410 1829 489 1879 etism
512 1829 726 1894 interpunctione.
767 1824 808 1876 lta
840 1824 927 1873 iocum
959 1822 1021 1872 satis
1045 1819 1195 1887 expeditum

187 1909 247 1946 esse
265 1896 427 1947 arbitramur.
445 1895 510 1950 Tur.
530 1897 611 1949 veteri
630 1911 718 1948 errore
737 1897 858 1944 servato:
888 1893 951 1955 λέγω
976 1890 1006 1939 δέ
1023 1908 1081 1938 τινα
1096 1887 1195 1954 τρόπον

187 1959 272 2017 ro'sds.
307 1964 413 2016 Weuius
437 1963 585 2016 Comment.
608 1965 649 2016 De
673 1966 732 2016 loco
758 1960 881 2011 methem.
908 1960 933 2009 in
957 1958 1023 2010 Ptat.
1043 1957 1147 2008 Menon.
1165 1971 1192 2037 p.

186 2029 229 2083 42.
247 2033 333 2096 pauiio
351 2038 410 2084 unte
428 2033 593 2084 scribendum
611 2031 748 2083 censebstr
766 2027 857 2096 τρόπῳ
876 2046 912 2103 up
930 2027 961 2094 (i.
978 2042 1001 2079 e.
1020 2027 1086 2090 τινὶ)
1105 2040 1195 2075 τοιου-

187 2213 201 2248 e
221 2196 343 2262 exegesis
367 2197 473 2249 adiecto
497 2214 521 2252 v.
546 2214 624 2266 supra
641 2214 665 2250 c.
718 2198 791 2249 tinuc
815 2196 848 2246 ad
873 2193 910 2246 rei
937 2196 1133 2262 explicationem
1151 2207 1195 2246 ac-

214 2264 269 2316 vll.
289 2264 320 2313 b.
345 2280 408 2316 mox
426 2282 451 2331 p.
471 2266 513 2318 74.
531 2267 562 2317 Α.
584 2269 666 2316 τοῦτο
718 2265 788 2316 cedit
811 2264 871 2315 inde
897 2265 1016 2314 averbis
1040 2265 1130 2314 τόνδε·
1150 2260 1195 2311 ἐάν

188 2328 362 2453 tuguriolum,
393 2334 493 2387 donorio.
521 2335 602 2400 Gorg.
642 2351 668 2401 p.
719 2353 758 2391 τις
779 2351 802 2383 ιι.
828 2350 851 2381 τ.
880 2329 902 2379 λ.
929 2331 1080 2381 nimirum
1102 2329 1195 2382 hunc-

189 2399 301 2454 55.Ι).
720 2416 770 2463 ce,
806 2399 834 2448 si
870 2399 951 2452 euim
987 2399 1113 2462 aliquis
1144 2404 1193 2452 etc.

226 2464 324 2518 oditis
367 2467 451 2535 μήτ’
493 2467 530 2521 ἄν
568 2461 669 2533 ἧττον
720 2469 833 2520 Ρτοτοοο
860 2465 1049 2518 eodemmodo
1068 2466 1107 2516 De
1125 2465 1194 2530 Rep.

190 2535 667 2603 duodosperJWyttenbachitls:
719 2527 1096 2603 1[.ρ.360.Ε.τίςοὗνδῆ
1117 2531 1131 2596 ’i
1153 2535 1196 2583 δ’·

192 2607 300 2669 ,μέντοι
322 2604 355 2652 ἂν
380 2611 557 2656 esttamen.
599 2604 669 2657 Tum
719 2603 843 2669 ἅοταοτςς
870 2599 930 2666 ἥδε·
956 2603 1023 2670 μηδὲ
1045 2598 1206 2669 ἇφαιρῶμτν’

190 2669 315 2735 &sodomis
338 2687 462 2736 germana
486 2672 510 2722 vi
528 2673 669 2739 optativii.
719 2692 742 2727 τι.
760 2691 784 2723 τ.
801 2672 825 2721 λ.
861 2670 954 2722 Solent
971 2672 1037 2722 euim
1051 2670 1121 2735 apud
1132 2670 1195 2720 Pia-

193 2755 216 2793 e.
230 2739 335 2805 optandi
353 2740 545 2806 accipiendum:
564 2739 668 2792 nibito
718 2747 806 2793 tonern
830 2739 875 2804 qui
892 2738 1053 2804 disputantes
1070 2737 1195 2788 inducun-

191 2814 302 2859 tsmen
333 2807 438 2859 minus
467 2809 585 2861 audire
614 2824 667 2860 ve·
718 2807 923 2861 turiraudrsro
941 2807 1194 2873 suumipsiscrmo-

191 2876 280 2935 iim.“
329 2874 432 2929 Erravit
465 2878 505 2930 vir
540 2878 666 2943 egregius.
717 2888 777 2929 uem
803 2875 929 2928 eiusmodi
950 2875 1195 2940 interrogationibus

190 2943 258 2998 Nsru
274 2941 307 2996 tu
323 2959 375 2996 non
396 2947 428 2997 sd
450 2951 549 3014 μέντοι,
569 2946 616 2997 sed
633 2946 667 2998 ad
717 2946 885 3013 distinguere.
910 2959 935 2996 v.
959 2943 1102 2995 Heusdii
1127 2943 1195 3007 Spe-

190 3011 315 3082 ἅνούοιμτ
332 3014 452 3080 pertinet,
470 3021 500 3066 ut
521 3020 592 3067 recte
608 3029 667 3066 mo·
716 3017 777 3069 cim.
802 3014 866 3065 Crit.
885 3013 910 3066 d.
928 3011 971 3066 87.
999 3017 1026 3064 et
1048 3015 1138 3062 nostra
1161 3009 1194 3062 sd

192 3084 248 3135 nuit
269 3081 475 3134 Scbaeierus
498 3082 531 3134 sd
555 3083 667 3148 Gregor.
718 3083 857 3148 Protagor.
879 3098 904 3148 p.
924 3081 983 3136 343.
1007 3081 1038 3132 B.

150 3206 155 3215 ,
192 3149 308 3202 Corinth.
331 3167 355 3217 p·
382 3149 455 3204 1015.
497 3151 582 3204 Quam
608 3168 667 3217 par·
751 3150 806 3202 idi
837 3152 889 3208 τίς
921 3171 953 3201 τι
980 3147 1148 3216 πρότερον
1178 3143 1194 3207 ἢ

191 3218 286 3268 ticutae
330 3218 456 3268 rationem
495 3218 668 3271 Heindorf.
718 3218 804 3280 ἰδὼν]
821 3218 899 3273 Quod
913 3219 938 3268 iu
950 3221 1037 3269 iocum
1049 3216 1128 3280 inepti
1141 3214 1195 3264 isti-

191 3297 270 3345 quum
288 3283 354 3333 bene
371 3287 559 3352 perspexisset,
579 3285 668 3335 Fici·
719 3300 749 3335 us
761 3293 788 3337 et
799 3286 903 3336 moiesti
918 3284 1015 3350 imper,
1033 3283 1103 3348 quod
1115 3283 1195 3347 vulgo

192 3350 222 3399 ni
240 3350 395 3400 auctoritate
409 3350 534 3419 deceptus
547 3353 572 3402 in
591 3353 668 3404 aliurn
719 3353 894 3414 scribebatur,
924 3353 1103 3402 substituimus
1127 3348 1195 3416 πρό-

192 3429 307 3467 errorem
347 3417 446 3480 incidit,
488 3425 549 3486 post
588 3411 669 3482 ἧττον
718 3437 804 3487 τερον,
823 3419 960 3471 tectionem
979 3420 1101 3469 librorum
1120 3432 1196 3482 prae-

191 3483 340 3534 existimaua
358 3485 485 3537 excidisse
504 3485 590 3550 ἡδέος.
622 3486 668 3537 Ni·
720 3488 952 3549 acutissimorum,
988 3484 1015 3535 id
1046 3486 1196 3548 scrupulum

190 3551 282 3602 mirum
300 3548 374 3602 addis
398 3548 479 3615 ἦττον
497 3554 528 3603 ἂν
545 3550 669 3620 ἀκούοιμι
719 3556 806 3607 iniecit
831 3555 861 3605 C.
881 3553 929 3607 Fr.
957 3553 1150 3604 Hermanno
1171 3554 1196 3600 in

186 3625 244 3670 est:
267 3617 373 3671 nihilo
397 3621 504 3671 minus
526 3623 666 3686 audiam,
720 3625 800 3678 libro:
829 3620 1032 3685 abhandlungen
1055 3618 1107 3669 und
1133 3618 1196 3669 Bei-

188 3686 259 3751 quod
288 3701 370 3752 prope
399 3688 500 3740 secedit
528 3690 560 3741 ad
588 3689 669 3741 futuri
718 3692 795 3756 trigo
822 3705 871 3740 zur
892 3687 1050 3740 kinssiscben
1078 3685 1142 3738 Phii.
1168 3703 1193 3752 p.

188 3755 241 3806 vim
261 3758 287 3805 et
300 3754 520 3821 significationem,
540 3759 587 3810 nisi
599 3758 668 3822 quod
720 3756 778 3821 rt,
806 3758 850 3822 qui
878 3771 911 3807 ne
942 3752 1069 3822 πρότερον
1091 3753 1196 3819 quidem

188 3821 354 3879 ὑποθετικῶς
374 3823 470 3876 dictum
490 3832 538 3876 cst.
717 3825 864 3876 sententiae
889 3823 1028 3875 conuenire
1057 3823 1196 3874 arbitratur

223 3892 254 3943 0.
286 3891 363 3956 itys:
382 3890 416 3957 dt
434 3891 668 3957 τίνιιιρᾶπονς
717 3892 829 3956 ideoque
854 3906 912 3945 voc.
939 3893 1014 3959 piane
1042 3890 1195 3943 eiiciendurn

188 3956 315 4026 τόνον]
359 3958 394 4008 Η.
435 3975 458 4009 e.
493 3973 668 4026 quemnam
718 3964 816 4011 censet.
852 3956 882 4010 ln
906 3973 958 4025 quo
983 3959 1195 4025 viro'praestan·

187 4028 296 4080 'auteur
314 4024 391 4078 dico
406 4026 667 4081 modumistumt
717 4027 1108 4081 tissimcnrinimeasseutimsr.
1126 4025 1195 4080 Nam

186 4095 246 4148 Qus
271 4094 425 4160 quaestions
446 4095 581 4165 proposita
603 4111 666 4148 con·
716 4100 778 4161 apta
803 4097 974 4164 interponitur
998 4093 1141 4164 πρότερον,
1165 4099 1194 4143 ut
