2604 4620
183 229 252 298 aas,
553 181 822 327 ¹rusucurs

185 399 228 468 τὰ
254 404 289 468 tl
316 400 539 484 πληρωθλντα
572 393 623 484 ῥεῖ
657 392 712 462 διὰ
739 397 804 460 τῶν
831 390 953 478 ὀχετῶν
977 400 1032 463 καὶ
1061 395 1117 464 διά
1145 402 1206 481 τῆς

185 504 261 587 γῆς,
298 502 354 566 καὶ
387 506 433 575 εὶς
465 493 545 574 τοὺς
570 492 694 573 τόπους
720 501 842 561 ἕκαστα
868 492 1118 586 ἀφικνούμενα,
1161 508 1206 579 εἰς

189 597 247 679 οὓς
271 596 428 675 ἑκάστους
453 594 677 675 ὁδοποιεῖται,
713 591 893 672 θαλάττας
925 620 961 662 τι
996 601 1052 665 καὶ
1086 602 1208 686 λίμνας

189 703 246 769 καὶ
271 695 446 785 ποταμοὺς
469 700 526 765 καὶ
550 693 676 782 κρήνας
699 707 797 763 ποιεῖ.
835 698 997 763 ἐντεῦθεν
1033 703 1067 767 δὲ
1097 699 1208 769 πάλιν

136 805 160 866 Ι)
193 797 335 887 θυόμενα
359 793 445 867 κατά
473 800 532 879 τῆς
554 800 633 896 γῆς,
666 791 719 866 τά,
741 799 801 881 μὲν
826 802 1054 884 μακροτέρους
1082 797 1209 880 τόπους

190 897 414 989 περιελθόντα
439 901 495 965 καὶ
517 901 663 974 πλείους,
697 894 741 962 τά
776 899 810 963 δὲ
842 895 1011 976 ’ἐλάττους
1037 903 1093 967 καὶ
1118 904 1206 990 βρα-

185 1009 361 1089 χυτέρους,
386 996 490 1066 πάλιν
515 1005 561 1074 τις
586 993 646 1063 τὸν
663 993 853 1085 ,Τάρταρον
875 996 1044 1081 ἐμβάλλει,
1072 996 1116 1066 τά
1141 1005 1206 1088 μὲν

188 1097 273 1168 πολὺ
301 1106 472 1186 κατωτέρω
499 1093 520 1178 ἢ
546 1101 757 1177 ὲπηντλεῖτο,
793 1092 836 1163 τά
864 1100 898 1163 dd
925 1091 1059 1182 ὀλίγον·
1087 1098 1207 1169 πάντα

189 1203 223 1268 δὲ
247 1195 402 1267 ὑποκάτω
428 1205 524 1283 εὶςρεῖ
556 1200 617 1278 τῆς
651 1200 778 1283 ἐκροῆς.
813 1200 869 1264 καὶ
895 1202 964 1265 ἔνια
988 1203 1051 1283 μὲν
1077 1226 1207 1270 καταυ-

191 1296 285 1389 τικρυ
308 1289 328 1392 ᾖ
354 1305 449 1387 εἰςρεῖ
473 1297 627 1378 ἐξέπεσεν,
651 1302 722 1362 ἔνια
749 1301 783 1364 tl
810 1292 894 1363 κατά
917 1293 953 1363 τὸ
972 1294 1056 1363 αὐτό
1081 1305 1205 1384 μέρος·

188 1404 258 1468 ἔστι
281 1402 316 1487 δὲ
342 1402 398 1466 καὶ
422 1394 444 1463 ά
468 1393 666 1464 παντάπασι
682 1396 792 1485 κύκλῳ
811 1393 1043 1485 περιελθόντα,
1069 1394 1089 1477 ἢ
1108 1395 1205 1479 ἅπαξ

186 1495 209 1581 ἢ
235 1502 290 1566 καὶ
316 1495 491 1576 πλεονάκις
517 1501 767 1586 περιελιχθέντα
794 1502 870 1588 περὶ
894 1493 957 1578 τὴν
981 1499 1062 1583 γῆν,
1093 1494 1202 1587 ὥςπερ

257 1728 287 1781 C.
323 1728 370 1786 ric
390 1724 771 1793 τοὺςτόπουςῗκαστα]
808 1726 897 1793 Steph.
920 1727 1043 1790 decorae,
1069 1726 1140 1792 quod
1166 1735 1208 1779 est

188 1799 213 1848 in
232 1796 293 1850 Par.
311 1796 343 1848 L.
376 1794 434 1848 Non
453 1809 519 1859 opus
534 1795 685 1847 mutatione.
921 1853 925 1857 ,

257 1865 288 1918 Ι).
325 1865 394 1914 ἔστι
413 1863 446 1913 tl
462 1865 516 1912 sai
533 1858 550 1911 δι’
569 1861 779 1928 παντάπασι]
815 1864 859 1912 καὶ
879 1879 894 1914 e
912 1862 1069 1917 coint-Par.
1089 1863 1123 1916 G.
1143 1879 1205 1916 cum

189 1932 312 1985 Belrkero
329 1930 479 1984 adiecimus.

256 1999 338 2050 κάτω
359 2000 522 2063 καθέντα]
559 1997 645 2063 Vulgo
664 2001 839 2062 τερφθέντα,
866 1998 954 2049 inritis
971 1998 1103 2050 codicibus
1120 2001 1204 2050 omni-

189 2068 245 2120 bus.
282 2069 346 2118 Dein
365 2074 427 2119 vett.
447 2067 521 2117 editt.
537 2065 669 2130 ἐμβάλλει,
695 2062 712 2132 ᾗ
730 2064 842 2117 δυνατόν
866 2068 949 2128 ἐστιν,
975 2067 1045 2131 quod
1070 2075 1097 2118 et
1120 2067 1206 2132 ipsum

190 2136 310 2185 codicum
334 2135 389 2185 lere
412 2135 525 2185 omnium
554 2136 706 2186 testimoniis
729 2135 891 2187 adversatur.
927 2135 981 2185 Pro
1000 2141 1125 2186 καθιέναι
1144 2136 1206 2187 Ste-

190 2201 262 2266 phon.
283 2200 356 2253 dedit
374 2205 501 2265 κατιέναι,
519 2201 589 2267 quod
608 2218 674 2254 uuus
693 2204 771 2255 habet
788 2203 865 2254 Stob.

200 2371 271 2428 -slc
306 2365 365 2426 ode
399 2368 561 2431 ἑκάστοις
592 2370 667 2421 ‹lilo-
719 2370 1111 2436 undeaffundebautur,
1133 2387 1205 2438 par·

186 2439 354 2506 ποιτϊται]
391 2439 542 2491 Subiectum
566 2447 606 2491 est
636 2440 666 2490 τὰ
719 2441 775 2492 tim
794 2439 999 2491 minusalte.

188 2505 497 2575 ἔνθάδε’πληρωθίνται
525 2509 558 2558 iu
582 2524 668 2573 quos
752 2512 823 2559 ἔνια
852 2508 910 2574 μὲν
939 2508 1148 2576 καταντικρὺ
1189 2503 1207 2574 ᾗ

186 2575 346 2639 singulos
374 2576 474 2627 viam
506 2576 588 2627 sibi
623 2577 668 2629 la·
720 2574 838 2644 τὶςρεῖ]
872 2574 953 2628 Falso
981 2575 1056 2630 llaec
1077 2579 1205 2630 intellexit

188 2642 292 2694 ciunt.
719 2645 933 2696 Aristoteles
956 2645 973 2694 l.
1002 2662 1039 2711 o.‚
1065 2647 1107 2710 qui
1130 2651 1205 2712 putat

719 2716 855 2765 Platonem
873 2713 1024 2778 superiores
1039 2713 1142 2764 Tartari
1160 2730 1203 2764 re-

220 2777 252 2826 D.
277 2774 526 2846 ἢέπηντλεῖτο]
546 2780 670 2845 Speciosa
720 2782 811 2847 giones
853 2796 988 2846 opponere
1029 2781 1202 2844 inferioribus,

187 2859 250 2896 sane
286 2845 437 2896 coniectura
472 2844 671 2909 Heindorfii
722 2843 779 2900 οἷον
813 2847 835 2898 si
862 2847 917 2915 ῥεῖν
944 2849 1041 2916 ἤρξατο
1073 2848 1202 2913 κάτωθεν,

187 2919 228 2964 cst
252 2913 392 2975 legendum
410 2916 522 2979 putantis
546 2915 563 2981 ἢ
584 2919 670 2982 itan·
720 2917 824 2968 ἄνωθεν
865 2916 1015 2982 ειςβάλλιιν.
1066 2919 1132 2971 Nam
1168 2934 1202 2971 ax

187 2981 266 3036 λεῖτο.
282 2982 372 3047 Neque
385 2983 460 3034 aliter
477 2985 668 3050 Carnarius,
720 2985 836 3037 Platonis
864 2989 992 3039 sententia
1020 2987 1108 3039 omnia
1133 2983 1202 3055 dno,-

186 3051 230 3115 qui
261 3054 354 3103 vertit:
392 3053 498 3104 multo
528 3053 668 3106 interius
718 3052 786 3103 κάτω
805 3055 884 3118 elapsi
907 3060 954 3118 τῆς
976 3058 1074 3123 ἐκροῆς.
1110 3056 1202 3120 ltaque

186 3133 277 3182 quarn
305 3119 416 3171 effusa
442 3128 565 3173 essent.
612 3122 669 3175 Nec
718 3120 824 3188 ἀντικρὺ
841 3128 906 3187 puto
918 3123 1043 3176 denotare
1054 3124 1203 3188 oppositam

186 3190 273 3237 tamen
290 3187 410 3239 codicum
435 3190 573 3241 lectionem
591 3191 667 3242 dese·
718 3189 823 3240 Tartari
842 3197 956 3257 partem,
981 3194 1003 3242 si
1026 3198 1200 3243 transversum

186 3254 293 3304 rendam
312 3256 473 3309 arbltlnmur.
505 3257 608 3324 Quippe
626 3259 666 3310 di·
718 3260 773 3310 eius
785 3259 938 3311 diametrum
951 3265 1062 3324 spectes.
1077 3259 1206 3316 Ceterum

186 3318 253 3370 citur
278 3323 424 3384 ἐπηντλιῖτο
454 3324 539 3376 habita
563 3327 666 3378 ratione
717 3326 876 3388 Wyttenb.
904 3327 1066 3379 scribendum
1093 3324 1200 3389 putabat

186 3388 325 3438 verborum
355 3391 516 3455 superiorum
545 3393 588 3444 διὰ
618 3401 666 3459 τῆς
715 3387 770 3460 ἢῆ
786 3397 870 3462 clepet,
887 3411 937 3461 qus
951 3395 1091 3447 mutatione
1105 3406 1199 3441 vereor

184 3458 233 3518 γῆς
251 3455 328 3522 ιὶςρεῖ
342 3457 384 3506 καὶ
397 3460 492 3526 πληροῖ
503 3458 570 3510 αὐτὰ
583 3460 663 3530 ιδ’ςπερ
715 3469 744 3514 ut
766 3479 832 3529 opus
850 3465 892 3517 sit.
925 3478 950 3515 v.
968 3460 1132 3514 Matthiae
1150 3459 1199 3512 Gr.

184 3523 210 3571 ol
227 3522 421 3585 ἐπαντλοῦντες.
441 3527 561 3580 Breviter
576 3537 663 3583 autem
714 3531 818 3595 §.·481·
838 3547 898 3585 anu.
915 3530 948 3586 2..

185 3589 343 3642 dictumest
366 3590 383 3656 ἢ
401 3597 622 3664 υἑπηντλεῖτο-ρτυ
647 3599 663 3662 ἢ
748 3598 871 3666 ὥςπερ
896 3601 935 3649 nl
960 3595 977 3646 ὅ
989 3593 1095 3663 ptis]
1131 3594 1200 3647 Nam

184 3655 262 3708 ὅσον
280 3661 320 3711 vel
338 3660 364 3715 lt
378 3665 408 3711 οὑ
426 3665 665 3732 ἐπηντλιῐτο,ςυοᾱ
717 3669 793 3733 spiris
824 3672 975 3732 serpentum
1010 3662 1106 3713 similes
1137 3671 1200 3716 suut

184 3732 271 3780 tamen
293 3743 327 3780 ex
349 3734 501 3796 antegresso
525 3734 593 3783 πολὺ
619 3755 665 3785 κα-
716 3751 838 3803 aquarum
856 3736 893 3785 illi
911 3736 992 3786 flexus
1017 3738 1045 3783 et
1069 3733 1199 3784 curvami-

181 3798 283 3864 τωτέρω
308 3796 383 3849 facile
405 3799 540 3865 intelligas.
574 3803 664 3866 ltaque
715 3819 756 3856 ua.
774 3833 808 3842 -
838 3802 902 3855 Mox
924 3803 1003 3854 verba
1028 3801 1064 3856 εἰς
1091 3800 1122 3850 τὸ
1151 3803 1199 3853 ‹lu-

166 3862 231 3915 noc
258 3866 368 3920 dicitur:
399 3869 463 3919 alia
490 3883 609 3920 rursus
633 3873 663 3922 iu
714 3872 794 3922 νατὸν
811 3871 958 3923 arctissime
978 3876 1121 3921 connectas
1139 3886 1200 3922 cum

182 3929 360 3986 Tartarum
391 3935 560 4000 effluunt,
593 3954 663 4004 par.
715 3939 839 4005 proximis
874 3936 944 3989 κάτω
980 3939 1113 4002 καθέντα,
1150 3938 1222 3995 Ιιοο,

181 3999 239 4053 tim
260 4004 662 4070 multoiulerius,quam
713 4024 805 4060 seusus
840 4022 950 4072 quum
987 4025 1023 4060 se
1059 4007 1200 4061 demise-

180 4083 240 4132 pro
265 4073 676 4138 regionumaltitudine,‘
712 4084 790 4128 runt
823 4091 922 4141 quam
960 4076 1042 4130 lieri
1079 4080 1200 4142 potest
