2604 4620
431 172 501 245 AD
538 165 854 244 PHAEDONEM
1110 171 1155 239 21

143 379 185 424 ne
192 356 315 423 animos
322 352 451 454 quidem
458 351 691 418 censuitmorte
697 349 834 426 absumi,
849 347 968 434 quippe
981 367 1065 431 quae
1071 346 1158 432 pari·

144 452 193 507 ter
206 450 302 540 atque
313 449 379 504 vrta
386 436 549 503 terrestris
564 433 644 498 nihil
657 434 813 500 essetnisi
824 443 928 498 status
936 454 1048 497 eorum
1062 440 1160 514 atque

142 523 337 592 conditionis
342 520 549 623 permutatio,
560 540 726 602 nunquam
735 518 972 593 illacessatura,
984 537 1045 581 nec
1052 524 1160 580 tamen

143 631 284 694 unquam
298 607 398 673 ammi
408 606 475 672 vim
485 604 692 701 vigoremque
708 601 863 667 ablatura.
885 600 982 665 Hanc
996 622 1073 665 vero
1087 621 1160 664 esse

143 693 209 758 vim
219 692 317 757 huius
327 685 615 776 argumentationis
625 685 731 751 acrius
742 685 838 750 etiam
850 685 996 762 sentient,
1008 684 1065 768 qui
1097 705 1159 748 uae

143 775 355 863 philosophus
380 771 465 837 infra
489 770 529 834 de
554 769 653 833 animi
677 779 793 832 natura
818 769 983 851 exposuit,
1006 768 1071 832 iam
1117 789 1159 833 uc

142 861 233 946 apud
246 859 391 925 animum
404 853 626 920 revocaverint
639 863 736 937 atque
751 850 943 936 cogitatione
957 851 1049 934 quasi
1064 873 1158 936 prae·

142 967 181 1012 oe
221 944 301 1017 tint·
598 988 600 990 ·

181 967 361 1108 -pgequitur
379 1022 493 1089 deinde
512 1022 575 1086 alia
594 1021 847 1108 argumentatio,
870 1042 952 1105 quae
974 1029 1005 1085 et
1026 1017 1099 1103 ipsa
1118 1041 1158 1084 ex

143 1111 185 1174 iis
206 1118 256 1173 est
280 1108 427 1192 repetita,
451 1128 531 1190 quae
550 1105 752 1172 extrinsecus
766 1106 808 1170 ad
828 1105 970 1172 animum
985 1103 1158 1188 pertinent.

146 1191 338 1258 Ostenditur
357 1190 442 1256 euim
462 1191 585 1256 animos
603 1190 668 1259 iam
688 1200 762 1256 ante
781 1190 866 1254 hanc
890 1189 991 1255 vitam
1014 1187 1090 1251 olim
1110 1187 1159 1252 vi-

142 1277 262 1363 guisse,
315 1286 464 1360 ropterea
487 1276 575 1359 quod
598 1274 744 1340 idearum
769 1274 985 1360 cognitionem
1010 1294 1074 1336 non
1099 1292 1158 1355 po·

142 1360 262 1425 tuerint
313 1359 408 1425 'unde
426 1358 567 1436 haurire,
588 1358 652 1424 nisi
670 1381 712 1423 ex
730 1381 839 1423 rerum
853 1357 1037 1422 divinarum
1052 1355 1159 1420 consi·

141 1444 305 1510 deratione
325 1444 360 1508 in
378 1444 446 1508 vita
467 1443 632 1528 superiore
651 1442 799 1508 instituta
806 1445 850 1529 ⁴).
884 1441 950 1507 Hic
964 1441 1065 1527 igitur
1079 1439 1159 1504 nihil

141 1528 275 1594 docetur
288 1528 377 1593 aliud
396 1527 460 1592 nisi
473 1527 550 1605 hoc,
571 1527 695 1592 animos
709 1527 774 1592 iam
789 1537 864 1592 ante
877 1526 963 1591 hanc
978 1525 1079 1590 vitam
1094 1534 1158 1588 ter-

140 1622 275 1677 restrem
286 1612 450 1678 exstitisse
458 1636 467 1686 3
483 1611 613 1677 eosdem
624 1621 732 1676 autem
746 1612 844 1675 etiam
858 1611 892 1675 in
930 1621 1074 1675 osterum
1088 1628 1159 1674 esse

140 1718 329 1772 mansuros,
350 1695 386 1758 id
403 1717 480 1759 vero
494 1695 541 1758 ita
555 1693 684 1758 demum
699 1705 845 1778 apparet,
870 1695 896 1758 si
906 1633 995 1758 lanc
1010 1693 1158 1777 disputa-

143 1778 242 1841 tionis
267 1787 393 1860 partem
419 1800 493 1840 cum
516 1777 573 1851 iis,
600 1799 684 1857 quae
709 1788 804 1840 antea
828 1779 988 1859 explicata
1014 1787 1099 1853 sunt,
1124 1777 1160 1839 in

141 1883 243 1924 unum
256 1858 479 1932 coniunxeris3
495 1857 530 1919 id
544 1858 631 1938 quod
640 1856 735 1920 Plato
747 1859 817 1940 ipse
831 1881 897 1921 non
910 1858 1047 1922 obscure
1059 1859 1159 1942 signi·

141 1943 319 2029 ficavit**).
352 1940 439 2005 Nam
458 1940 585 2005 animus
608 1939 730 2020 siolim
750 1940 853 2026 viguit
870 1941 905 2005 in
927 1963 1035 2005 rerum
1058 1941 1160 2005 coele·

141 2027 241 2093 stium
257 2024 535 2109 contemplatione,
557 2047 597 2088 ex
611 2023 723 2089 eadem
744 2024 799 2089 illa
812 2025 900 2124 lege,
922 2048 986 2110 qua
1000 2025 1113 2089 mortis
1128 2035 1160 2090 et

140 2112 228 2177 vitae
244 2110 332 2176 subit
345 2108 612 2186 vicissitudinem,
635 2119 711 2192 post
725 2108 808 2175 hanc
822 2121 922 2174 utam
944 2109 1056 2175 eodem
1071 2109 1157 2178 redi-

140 2207 234 2262 turus
249 2205 297 2260 est
311 2216 371 2259 nec
385 2214 529 2276 unquam
543 2193 742 2259 interiturus.

195 2279 261 2344 His
275 2301 351 2343 vero
371 2277 527 2376 expositis
542 2278 751 2363 progreditur
764 2276 974 2362 philosophus
996 2279 1039 2341 ad
1053 2278 1156 2342 virtu·
1179 2306 1182 2311 ·

141 2363 309 2429 temanimi
317 2383 491 2448 propriam,
501 2382 598 2444 quam
606 2361 736 2444 quidem
744 2361 1028 2437 talemessedocet,
1043 2373 1079 2424 ut
1086 2362 1157 2444 ipse

140 2446 292 2532 dissipari
306 2455 340 2510 et
352 2445 483 2515 interire
498 2468 562 2508 nou
573 2445 691 2591 possit.
715 2443 909 2508 Ostenditur
919 2445 1005 2507 enim
1015 2445 1158 2507 animum

139 2553 198 2616 per
213 2553 248 2596 se
262 2540 453 2614 spectatum,
470 2528 546 2612 quia
560 2528 572 2590 i
595 2527 642 2593 eis
656 2528 699 2592 sit
714 2537 888 2614 cognatus,
904 2550 969 2591 non
983 2549 1055 2591 esse
1070 2548 1157 2590 com-

162 2614 282 2679 ositum
301 2625 357 2679 aut
376 2611 585 2697 expertibus
605 2612 794 2689 conflatum,
815 2611 952 2694 ideoque
973 2633 1038 2675 non
1059 2632 1156 2696 posse

138 2637 273 2765 dissolvi
287 2721 326 2763 ac
382 2695 627 2762 ssumdariffl.

195 2781 339 2867 Igiturp
363 2780 526 2928 'osophus
546 2779 745 2863 areciproco
768 2789 854 2844 statu
877 2779 1057 2844 animorum
1077 2801 1156 2864 pru·

138 2865 253 2930 denter
267 2865 403 2930 accessit
416 2888 435 2929 a
471 2864 615 2928 idearum
626 2864 890 2940 recordationem,
913 2886 997 2948 quae
1014 2886 1087 2928 cum
1101 2862 1156 2929 illo

138 2948 320 3014 arctissime
334 2972 417 3014 nexa
432 2957 465 3013 et
478 2949 648 3014 coniuncta
662 2958 727 3025 est3
749 2947 790 3013 ab
804 2948 865 3013 hoc
880 2970 957 3013 vero
972 2948 1100 3012 transiit
1114 2949 1156 3011 ad

138 3033 245 3116 ipsius
259 3032 358 3095 animi
371 3054 445 3096 cum
455 3032 552 3110 ideis,
574 3056 711 3117 quarum
726 3031 947 3098 recordatione
962 3031 1077 3116 pollet,
1101 3053 1155 3094 co·

164 3115 339 3186 nationem,
367 3123 406 3176 ut
429 3113 517 3176 aliud
535 3128 760 3200 argumentum
786 3139 827 3181 ex
852 3115 914 3179 alio
940 3137 1059 3178 nexum
1085 3136 1156 3179 esse

140 3138 236 3276 docile
249 3193 458 3280 intelligatur.

195 3279 428 3346 Verumtamen
453 3282 606 3364 postremi
626 3283 808 3371 argumenti
828 3283 878 3348 vis
898 3294 929 3348 et
948 3282 1092 3368 gravitas
1113 3283 1154 3347 ab
1246 3330 1251 3341 .

137 3367 210 3513 ipso
223 3363 361 3463 Ifflatone
371 3387 484 3465 rursus
500 3365 700 3457 ali-quantum
714 3368 879 3466 minuitur,
895 3366 1154 3466 quandoquidem

164 3471 306 3514 1mm1am
325 3448 403 3514 facrt
422 3449 642 3534 disputantem
661 3452 731 3516 fieri
753 3473 860 3534 posse,
881 3462 917 3514 ut
938 3473 1065 3516 ammus
1079 3451 1153 3515 har-

136 3532 262 3598 moniae
286 3531 398 3599 similis
414 3533 472 3596 sit.
502 3531 577 3611 Quo
591 3532 676 3600 facto
690 3536 773 3603 hauc
788 3535 1015 3620 disputationis
1030 3547 1153 3621 partem

328 3850 494 3898 ..-7.

514 3849 547 3899 Α.

379 4018 432 4031 .-
474 3987 495 4031 5.
516 3984 544 4033 B.

180 3845 206 3906 .)
267 3883 273 3895 ,

153 3910 216 4040 ii),
267 3951 273 4030 j
