2604 4620
452 232 662 294 anenno.
685 255 714 313 p.
740 234 810 295 ιω.
836 235 881 300 st.

1112 241 1176 303 243

157 410 217 493 μὲν
243 409 357 472 τοίνυν
392 402 774 522 ωροθνρριηθνσδμεδα,
803 391 892 496 ἔφη,
927 404 1012 474 οὕτω
1046 421 1174 480 ποιεῖν
1228 417 1233 440 ¹

157 505 344 591 θάπτωμεν
371 509 404 573 δέ
430 524 465 571 οε
492 528 567 570 τινοι
591 502 738 589 τρόπον,Ι
764 501 918 583 dnm!
898 531 958 585 αν,
989 511 1070 599 ἔφη,
1093 509 1174 594 βού.

156 610 331 687 anonae
334 601 439 690 οένιτερ
467 630 503 688 ys
529 598 652 718 λωβητὲ
676 630 715 688 με
742 608 797 670 καὶ
828 603 874 692 μὴ
911 603 1040 696 ἐκφύγω
1074 607 1218 696 ὑμᾶς..
1263 611 1267 622 ’

155 703 306 781 Γελάσας
333 699 414 771 &N
392 729 464 789 αμοι
499 701 614 793 ninom
594 707 693 781 καὶ
728 700 812 790 πρὸς
848 703 937 790 ἡμᾶς
971 704 1191 798 ἀποβλέψας

155 805 265 884 sinam
295 801 342 869 03
355 806 499 882 πείθω,
528 808 607 891 ἔφη,
637 791 660 866 ὦ
688 799 816 889 ἄνδρες,
842 804 1058 890 Κρίτωνα,
1038 833 1082 885 ως
1108 806 1172 892 ἐγω

154 912 217 989 εἰμι
255 893 352 980 οὗτος
388 902 404 970 ὁ
437 898 638 989 Σωκρατης.

684 900 702 967 ὁ
740 908 813 970 νυνὶ
851 903 1082 990 διαλεγόμενος
1117 914 1175 976 καὶ

154 1001 342 1070 διατάττων
377 1010 516 1069 ἕκαστον
551 1003 617 1066 τῶν
650 1005 847 1088 λεγομένων,
883 1003 958 1069 ἀλλ’
994 1005 1100 1072 οἴεταί
1131 1034 1173 1094 με

136 1113 282 1170 ’ἐκεῖνον
309 1101 408 1181 εἶναι,
432 1098 471 1169 ὃν
497 1097 619 1191 ὄψεται
646 1099 758 1185 ὀλίγον
780 1100 920 1190 ὕστερον
945 1102 1080 1192 νεκρόν,
1115 1112 1171 1175 καὶ

153 1205 263 1291 ἐρωτᾷ
289 1199 345 1281 δή,
372 1203 441 1279 πῶς
465 1227 504 1286 με
533 1199 662 1292 θάωτρ.
701 1199 754 1268 ὅτι
781 1207 814 1268 δὲ
840 1200 901 1287 ἐγώ
930 1201 1169 1274 αοέλαισολύν
1199 1221 1225 1281 l)

152 1471 288 1517 mutatum.
323 1463 390 1513 'inm
410 1465 516 1514 eaedem
536 1464 602 1514 δὲτ

587 1468 644 1513 risa
669 1483 695 1514 σε
718 1463 835 1530 τρόπον,
860 1479 936 1528 quem
963 1468 1099 1517 verborum
1127 1483 1171 1519 or-

152 1533 237 1589 dinem
258 1533 312 1582 libri
341 1533 461 1582 meliores
489 1547 578 1582 omnes
603 1535 628 1582 iu
612 1539 728 1596 g.norant
767 1533 863 1582 Posti
864 1532 943 1600 α’νιιερ
961 1551 989 1599 γε
1009 1533 1104 1599 λάβητε
1124 1535 1170 1589 de-

153 1607 194 1652 est
211 1618 243 1667 με
263 1616 287 1650 rn
306 1600 366 1649 Pur
388 1599 503 1649 EHlL
525 1599 635 1650 Flora
659 1602 682 1650 b.
702 1616 723 1648 ο
744 1601 761 1648 i
782 1616 815 1652 rn

220 1690 477 1778 δ’νιινὶδιαλεγό
487 1689 658 1756 ρἰενος]δ

152 1761 256 1815 Van*
235 1779 262 1811 ι.

150 1913 232 1966 ceteri
251 1913 305 1963 iere
324 1928 415 1962 omnes
436 1913 462 1976 ig
446 1917 564 1963 morant.

686 1707 735 1741 om
763 1692 826 1742 Ven.
854 1690 890 1741 Π,
916 1691 990 1742 vind
1021 1696 1051 1741 Y.
1079 1701 1105 1744 et
1131 1711 1172 1760 pr.

220 1841 744 1924 ἕκαστοντῶνιλεγοιένων]Γε
744 1859 841 1902 arrosa,
859 1841 1147 1904 ωυοάλιαλιθῐΓθη.Ξ
1125 1879 1166 1907 .,
1217 1836 1220 1849 ’

218 2003 271 2052 καὶ
289 2001 468 2088 ἐρωτᾷδή,
487 2008 603 2064 adona
622 2000 753 2067 διίστη]
776 1993 806 2063 δν)
826 2001 951 2050 insertum
971 2000 1074 2054 eBodi
1088 2002 1169 2057 Coisi.

150 2073 209 2124 Vnt.
229 2072 298 2122 'sub
321 2072 424 2122 VenE
426 2041 531 2122 .3ind
559 2074 620 2122 ΥΦ,
645 2076 672 2120 et
697 2069 792 2120 ceteris
816 2069 871 2119 fere
896 2068 1021 2118 omnibus.
1058 2069 1170 2122 Habent

150 2143 230 2192 etiarn
251 2139 307 2190 nid.
318 2145 353 2189 et
371 2139 446 2190 Bass.
464 2139 529 2189 Dein
548 2139 606 2189 Aid.
630 2138 691 2189 Bas.
715 2137 736 2189 1.
754 2135 779 2189 2
798 2141 850 2195 πῶς
867 2155 898 2200 με
919 2134 1040 2191 θάπτειν
1076 2137 1169 2190 Exeo

150 2208 297 2275 Stephanus
315 2206 392 2258 iecit:
416 2213 469 2262 πῶς
493 2208 534 2256 δεῖ
549 2225 581 2272 με
601 2206 721 2256 θάπτειν.
759 2204 881 2268 Plerique
905 2204 961 2254 libri
985 2209 1037 2265 πῶς
1059 2223 1093 2272 με
1112 2205 1170 2256 ed.

148 2295 218 2330 πτεν.
253 2276 337 2328 Recte
355 2275 515 2328 Bodtsven.
536 2275 570 2328 11,
592 2275 665 2327 vind,
693 2277 722 2323 Y.
749 2272 815 2323 Tun.
841 2272 901 2322 Ziit.
927 2277 983 2331 πῶς
1006 2291 1039 2339 με
1066 2272 1170 2344 θοὶτιτῃ.

149 2358 174 2396 V.
192 2360 250 2397 ann.

149 2511 255 2562 iuuatur
282 2508 357 2561 τοῦτ)
383 2511 450 2560 εἶναι
472 2509 550 2576 μηδὲν
574 2507 631 2558 ἀλλ’

150 2576 437 2645 ἢτῆνψνχν’ν,τόδὲ
456 2585 565 2664 σῶμαι
547 2577 633 2628 tar-dai

150 2646 294 2713 λόμειον
280 2654 355 2730 ημῶν
377 2646 490 2704 ἑκάστοις
509 2646 631 2710 ἕπεσθαι,

148 2717 195 2769 καὶ
217 2713 422 2781 τελευτησάντων
445 2718 569 2782 λέγεσθαι
587 2735 632 2765 κα·

151 2784 198 2840 λῶς
216 2783 353 2833 εἴδωλα
329 2801 396 2833 ειναι
419 2783 452 2832 τδι
472 2789 522 2834 τῶν
540 2788 633 2846 νεκρῶν

151 2850 274 2918 σώματα,
293 2850 340 2900 τδν
358 2851 418 2900 δὲ”
403 2871 500 2915 ονρτα
487 2850 557 2917 ἡμῶν
576 2852 633 2901 i'an-

151 2937 212 2970 οτον
256 2921 336 2974 ὄντως
374 2915 519 2968 audianos
566 2919 632 2968 ainus

150 2985 239 3068 ψυχὴν
277 2985 520 3068 ἐπονομαζόμενον,
560 2983 630 3050 παρὰ

149 3053 233 3109 θεοὺς
257 3051 334 3098 aii*
305 3069 348 3107 ους
372 3050 491 3113 ausisque
518 3051 632 3100 δώσοντα

143 3121 275 3199 io'yova.
299 3137 323 3166 τ.
350 3119 372 3165 λ.
396 3119 516 3168 Cicero
542 3120 632 3175 Soron.

152 3190 224 3253 Scip.
249 3184 286 3237 13.
306 3183 372 3235 Nec
392 3186 472 3235 euim
492 3187 633 3247 tuises,

114 3314 118 3319 .
152 3271 241 3321 quem
261 3253 366 3302 forma
383 3252 448 3302 ista
466 3252 634 3314 declarata

152 3339 240 3376 mens
259 3321 420 3383 cuiusque
439 3320 465 3370 is
486 3319 636 3384 estquis·

153 3408 233 3456 que,
261 3404 322 3439 uon
342 3387 525 3452 seiugata,
552 3403 637 3451 quae

153 3460 206 3524 dig
211 3457 427 3508 itodemonst
432 3456 636 3521 raripotest.

154 3527 221 3579 coni
241 3526 319 3577 etiarn
347 3525 503 3575 Gataker.
529 3524 561 3574 ad
583 3527 635 3573 An-

155 3596 233 3646 tonin
247 3594 307 3645 Γ.ΙΙ
328 3592 368 3644 14
456 3637 462 3644 .

188 3658 291 3730 ἐρωτιῖ
310 3659 358 3724 δή,
377 3679 436 3717 πως
454 3678 493 3724 με
512 3657 634 3726 θοῖνττῃ]

155 3731 266 3781 terbum
293 3728 408 3778 θάπτειν
431 3743 516 3795 quum
550 3733 595 3778 et
603 3729 635 3778 de

154 3796 286 3848 humandis
303 3803 329 3846 et
349 3796 382 3846 de
401 3790 545 3846 cremandis
564 3800 635 3846 mor-

154 3866 204 3915 tuis
223 3865 334 3926 dicatur,
360 3863 464 3927 dequo
484 3879 506 3914 v
528 3864 634 3915 Dorvid.

154 3931 188 3982 ad
212 3931 355 3983 Chariton.
367 3948 391 3996 p.
417 3929 476 3983 243.
501 3931 540 3981 ed
561 3932 633 3996 lips

154 4000 243 4050 inuiis
248 4005 324 4064 putes
343 3999 475 4050 Critonem
500 3999 635 4058 sciscitari,

155 4065 277 4121 Socrates
294 4082 355 4118 num
370 4068 478 4120 cremari
494 4081 526 4118 an
538 4065 635 4117 humari

685 2524 780 2574 eorpus
808 2525 884 2560 suum
911 2509 993 2562 maiit.
1040 2508 1074 2560 Et
1097 2507 1170 2560 Pho·
1237 2570 1241 2576 .

684 2578 786 2628 cionem
813 2576 989 2630 Plutarch.
1012 2575 1054 2630 27.
1084 2587 1171 2630 narrat

685 2646 917 2698 concremationem
930 2646 1046 2711 eorporis
1064 2649 1102 2697 sui
1120 2649 1170 2698 im-

684 2716 826 2779 peravisse.
869 2714 922 2764 Sed
953 2719 1062 2780 possunt
1089 2717 1170 2768 verba

684 2784 789 2833 omnino
808 2782 842 2833 de
859 2783 936 2832 variis
955 2789 1072 2834 mortuos
1091 2800 1191 2850 sepe·-

683 2851 762 2900 iiendi
780 2851 872 2900 ritibus
899 2851 1020 2914 intelligi.
1052 2851 1081 2901 ld
1099 2852 1170 2915 quod

683 2917 841 2982 probabilius
854 2922 987 2967 statuetur.
1008 2917 1074 2968 Nam
1089 2918 1170 2971 utne-

683 2986 722 3034 nis
750 2983 855 3046 quidem
883 2985 932 3032 iam
958 2984 1019 3033 inde
1046 2985 1079 3033 ab
1104 2986 1171 3035 anti-

683 3051 812 3114 quissimis
836 3049 997 3112 temporibus
1023 3065 1081 3099 mos
1110 3066 1171 3102 cor-

684 3133 748 3183 pora
766 3122 927 3166 mortuorum
954 3122 1024 3166 terra
1047 3116 1169 3169 humandi

684 3181 832 3235 invaluerat.
857 3198 880 3234 v.
900 3183 1010 3235 Cicer.
1029 3184 1069 3235 De
1086 3185 1170 3252 Legg.

685 3253 718 3304 ll.
745 3251 788 3304 25
816 3250 942 3304 Aelian.
968 3257 1039 3302 tarr.
1069 3253 1171 3309 Histor.

688 3320 742 3372 Vll.
757 3319 800 3374 20.
816 3336 840 3372 v.
862 3318 982 3384 Biittig
967 3335 1031 3372 σεε.
1048 3321 1172 3373 Kunst·

687 3387 1063 3508 dissi¹1⁰.¹.?b.¹.b.³.²..
1077 3389 1192 3524 ³303?

689 3523 839 3588 sophone
858 3538 884 3587 p.
904 3522 963 3575 221.
983 3539 1022 3587 sq.
1059 3526 1172 3590 Vulgata

687 3592 765 3642 iectio
784 3597 838 3644 nde
856 3592 895 3640 dai
912 3608 943 3656 με
963 3590 1086 3656 θάσσειν,
1105 3594 1126 3642 si
1145 3594 1172 3644 iu

687 3659 763 3709 codd.
783 3659 874 3724 msptis
892 3656 912 3709 ax
921 3658 1053 3724 Stephano
1067 3665 1171 3725 reperta

687 3733 742 3786 est,
768 3734 827 3777 orta
847 3731 887 3778 est
906 3742 939 3776 ex
956 3727 1171 3792 interpretatione

687 3795 839 3846 coniunctivi
858 3793 1035 3856 deliberativi,
1061 3794 1104 3856 qui
1129 3792 1172 3843 di-

687 3864 765 3925 citur,
781 3864 858 3931 puina
877 3877 952 3912 nsum
970 3861 1097 3912 rariorem
1116 3865 1171 3911 ter·

685 3931 738 3982 tiae
756 3946 883 3996 personae
899 3943 950 3978 non
971 3932 1168 3993 perspexerunt

685 4000 773 4051 Quum
798 3999 865 4050 enim
889 3997 964 4047 ¹Crito
987 4001 1064 4046 antea
1089 3995 1170 4044 inter·

685 4073 805 4132 rogasset
834 4066 990 4116 Socratem:
1026 4059 1170 4127 θάπτωμεν

854 4151 933 4208 lo*
