2604 4620
503 242 553 288 AD
575 240 795 289 smosmn.
1064 245 1159 292 xxm

140 396 294 482 losophus
314 395 391 461 item
413 403 463 459 est
484 402 517 458 et
537 393 701 478 perlectus
723 391 908 458 dialecticus
922 403 955 457 et
969 415 1045 460 vero
1061 394 1158 460 etiam

141 477 490 568 germanus-&portata
521 477 642 576 quippe
669 477 760 542 cuius
786 487 899 561 pectus
925 498 1029 562 usque
1049 480 1157 544 conci-

141 575 230 631 tetur
250 563 406 629 acerrimo
426 584 534 627 rerum
549 561 731 627 divmarum
750 560 977 626 intuendarum
999 563 1106 629 studio
1127 574 1160 628 et

141 671 249 714 amore
271 657 303 713 et
323 647 415 713 cuius
437 644 572 711 consilia
593 645 701 710 omnia
720 655 878 731 perpetuo
905 668 942 710 eo
968 645 1158 725 referantur,

142 743 179 796 ut
200 725 359 820 quo-,ipsse
388 740 515 794 tenetur
542 729 716 815 sapientiae
745 730 861 813 studio,
888 729 975 795 idem
1002 730 1099 795 etiam
1125 731 1159 795 in

142 814 416 882 aliorum'animis
445 813 610 879 excitetur.
652 813 707 880 De
735 815 857 900 quibus
886 814 984 879 rebus
1011 814 1159 884 omnibus

137 922 238 985 quum
258 900 294 964 in
314 899 386 983 ipso
401 895 426 962 S
452 897 588 983 mposio,
635 898 732 963 .201.
747 898 909 963 2105212.
926 900 978 976 al.,
1001 908 1069 962 tum
1082 897 1160 963 alibi

139 1006 281 1068 quoque,
308 982 408 1048 veluti
462 982 585 1129 eRilt'
605 921 666 1045 ill.
711 980 810 1046 .403.'
823 982 864 1044 B.
881 979 919 1046 Ο.
953 981 1012 1047 VI.
1033 1006 1067 1068 p.
1082 985 1156 1048 414.
1229 1040 1232 1044 Δ

139 1069 214 1134 485.
229 1067 273 1130 Α.
288 1068 363 1131 490.
377 1065 421 1131 Α.
439 1087 476 1148 sq
499 1113 507 1130 .
587 1113 595 1128 .
615 1074 698 1129 extr.
718 1064 766 1128 X.
780 1089 814 1150 p.
831 1067 904 1128 611.
919 1065 972 1141 Ε.,
994 1065 1159 1151 inprimis-

139 1173 202 1235 que
222 1151 360 1231 Phaedr.
382 1173 415 1236 p.
438 1151 511 1215 252.
526 1150 599 1215 279.
619 1146 663 1212 A,
686 1148 795 1213 divina
816 1149 1032 1234 disputatione
1053 1150 1158 1235 expli·

179 1318 235 1383 De
258 1318 321 1383 hoc
347 1317 448 1404 igitur
476 1338 584 1380 amore
615 1324 684 1379 tota
710 1315 766 1380 illa
798 1315 942 1382 oratione
975 1317 1158 1401 exponitur,

136 1425 234 1488 quam
255 1397 405 1469 Socrates
428 1422 538 1467 aecum
560 1399 690 1465 simulat
710 1423 730 1464 a
749 1398 910 1477 Dictima,
940 1401 1061 1465 femina
1082 1424 1157 1467 san-

139 1488 281 1554 ctissima
313 1498 345 1551 et
376 1485 559 1551 divinorum
589 1484 817 1569 mysteriorum
845 1484 1017 1549 admodum
1046 1509 1159 1574 gnara,

139 1570 403 1637 communicatam
425 1591 506 1635 esse.
539 1568 756 1653 Posteaquam
782 1567 867 1632 enim
888 1568 999 1634 docuit
1020 1593 1160 1636 amorem

139 1654 295 1720 contineri
324 1652 597 1736 studio.quodam
624 1675 665 1718 ex
691 1653 804 1739 pulcro
835 1654 982 1737 pulcrum
1014 1654 1160 1739 pariendi
1190 1702 1192 1707 .

139 1740 238 1821 idque
261 1738 404 1802 studium
425 1746 492 1802 tam
512 1736 555 1800 ad
576 1736 718 1801 animum
739 1759 836 1821 quam
857 1739 899 1801 ad
920 1760 957 1803 co
998 1761 1037 1803 us
1058 1740 1160 1824 perti-

138 1845 227 1901 nere,
251 1821 403 1906 deinceps
424 1820 524 1885 veluti
537 1821 698 1904 quandam
719 1822 846 1887 amandi
868 1761 1071 1909 discipl-linem
1094 1834 1160 1888 tra-

138 1906 187 1971 dit
219 1916 316 1990 atque
354 1904 513 1970 subtiliter
538 1905 695 1982 exlicat,
728 1906 846 1989 quibus
879 1908 971 1992 quasi
1004 1909 1159 1994 gradibus

142 1990 261 2057 sensim
282 1988 541 2076 acpedetentim
561 1927 603 2055 ad
623 1989 792 2055 sublimem
809 1989 900 2055 illum
915 1991 1043 2058 divinae
1065 1993 1160 2059 abso-

138 2077 291 2158 lutaeque
316 2073 540 2222 qdcnmdims
565 2096 705 2140 amorem
731 2075 947 2158 perveniatur.
986 2075 1062 2157 Quo
1087 2078 1160 2162 ipso

139 2159 280 2225 ostendit
300 2182 323 2244 p
345 2158 510 2244 ilosophus
534 2158 617 2223 bene
644 2181 679 2224 se
700 2158 898 2239 meminisse,
927 2183 987 2226 nos
1009 2183 1080 2225 esse
1101 2163 1159 2227 ho·

139 2245 243 2308 mines
274 2254 382 2321 natos,
414 2243 450 2307 in
482 2243 624 2307 terrestri
654 2255 885 2309 commorantes
918 2245 1095 2323 domicili03
1128 2255 1162 2312 et

139 2328 408 2410 quemadmodum
424 2326 465 2395 ,in
477 2325 613 2393 Philebo
635 2349 795 2392 summum
816 2327 936 2393 bonum
957 2330 1045 2394 cerni
1060 2329 1162 2394 voluit

138 2412 174 2475 in
196 2411 257 2491 eo,
279 2423 317 2477 ut
332 2412 490 2496 ,voluptas
502 2426 505 2431 ⁴
517 2411 674 2496 sapientia
701 2422 948 2497 temperaretur,
977 2413 1025 2476 ita
1044 2413 1105 2477 hoc
1125 2413 1161 2478 in

139 2497 221 2562 libro
249 2496 377 2562 divinae
405 2495 594 2580 sapientiae.
607 2505 640 2560 et
666 2497 857 2583 cognitionis
878 2496 1020 2561 fructum
1039 2496 1161 2560 homini

125 2584 216 2645 'nato
240 2581 288 2645 ita
317 2591 442 2647 tantum
469 2577 637 2668 obtingere
664 2601 759 2664 posse
788 2581 930 2658 censuit,
965 2581 992 2645 si
1018 2603 1038 2644 a
1064 2580 1161 2646 rebus

140 2665 312 2750 corporeis,
335 2665 370 2729 in
391 2663 509 2747 quibus
530 2664 709 2729 divinarum
731 2687 839 2728 rerum
861 2664 986 2748 species
1008 2687 1163 2750 expressa

121 2761 343 2826 'cerneretur,
377 2748 544 2833 paullatim
576 2748 618 2812 ad
650 2748 777 2813 divinae
810 2748 1034 2834 pulcritudinis
1066 2772 1160 2835 prae-

112 2833 291 2898 -stantiam
317 2833 508 2897 intuendam
534 2831 734 2916 procederet.
774 2830 1021 2916 sapientissima
1052 2844 1160 2898 autem

141 2927 317 3002 praecepta
330 2926 415 2994 sunt,
430 2939 514 3000 quae
530 2918 570 2981 de
584 2907 694 2983 divino
709 2939 815 2981 amore
833 2917 1015 2995 excitando,
1036 2916 1161 2996 alendo,

142 3000 358 3065 confirmando
380 3001 518 3084 denique
541 3001 719 3065 traduntur.
753 2999 915 3080 Quoniam
936 3001 1162 3086 enim'pulcri-

144 3083 264 3149 tudinis
287 3085 412 3170 species
432 3087 573 3171 primum
593 3085 628 3148 in
648 3084 824 3148 individuis
846 3085 971 3161 emicat,
994 3106 1164 3168 equorum

95 3192 102 3200 ‘
142 3168 413 3253 contemplatione
442 3171 544 3235 omnis
576 3179 686 3234 nostra
714 3168 849 3233 scientia
877 3168 965 3233 ducit
994 3169 1162 3269 originem,

142 3262 218 3319 ante
240 3253 348 3318 omnia
367 3253 429 3319 hoc
450 3255 497 3319 ait
516 3254 678 3342 agendum
693 3275 785 3329 esse,¹
797 3264 834 3317 ut
847 3263 988 3318 mentem
1002 3276 1162 3319 animum-

141 3359 207 3421 que
225 3337 270 3401 ad
287 3360 389 3423 unum
408 3339 538 3423 aliquod
558 3361 673 3425 corpus
693 3337 890 3425 applicemus
913 3361 1014 3423 eoque
1035 3350 1164 3404 utamur

143 3420 205 3498 sic,
238 3431 275 3487 ut
304 3421 430 3487 virtutis
464 3433 496 3489 et
523 3424 698 3509 sapientiae
724 3423 824 3487 veluti
854 3423 975 3488 semina
1004 3425 1164 3508 quaedam

127 3528 345 3592 spargamus.
372 3506 453 3588 Quo
474 3509 546 3594 ipso
568 3508 775 3594 significatur,
799 3508 877 3592 quid
898 3508 1107 3607 philosophus
1123 3509 1164 3572 de

143 3591 272 3675 vulgari
303 3591 358 3656 illa
387 3615 461 3657 curn
489 3592 734 3662 adolescentulis
767 3593 985 3658 familiantate
1018 3593 1163 3659 senserit.

143 3672 269 3774 Nempe
291 3676 441 3761 probavit
463 3699 534 3740 eam
554 3677 602 3740 ita
622 3676 766 3754 demum,
795 3678 822 3741 si
844 3678 885 3741 ad
906 3677 1034 3742 virtutis
1056 3687 1089 3741 et
1111 3698 1163 3740 sa-

143 3756 283 3842 pientiae
303 3761 538 3826 incrementum
559 3761 762 3826 conduceret.
794 3760 966 3826 Praeterea
987 3782 1064 3826 vero
1076 3760 1182 3823 illam·

144 3845 398 3928 praeparationis
419 3846 490 3911 loco
511 3845 623 3910 haberi
644 3846 745 3910 voluit
767 3846 807 3909 ad
829 3867 968 3909 amorem
990 3864 1080 3918 eum,
1108 3843 1165 3925 qui

145 3947 244 4012 supra
270 3951 322 3994 res
350 3939 518 3995 terrestres
540 3940 672 3995 evectus
693 3929 735 3992 ad
756 3951 863 3994 rerum
885 3928 1063 3992 divinarum
1086 3947 1163 3990 con-

145 4013 387 4098 templationem
410 4015 624 4082 contenderet.
661 4013 849 4080 Proximum
870 4013 970 4100 igitur
990 4009 1067 4076 huic
1088 4032 1164 4097 gra-
