2604 4620
340 240 410 314 AD
435 237 765 313 PHAEDONEM.
1060 243 1081 314 5

122 420 233 503 Quare
247 422 279 488 ,si
298 444 395 506 quem
413 420 530 486 videtis
551 430 685 486 mortem
707 419 830 498 timere,
853 417 942 484 hunc
964 443 1005 484 ne
1022 419 1083 484 du·

63 506 173 572 biteris
209 506 353 572 iudicare
386 509 598 590 φιλοσώματον
628 505 737 590 potius
775 527 873 590 quam
907 504 1084 589 φιλόσοφον.

65 589 256 656 Cuiusmodi
271 590 429 666 homines,
450 589 719 672 quemadmodum
734 610 799 653 non
812 599 950 673 possunt
964 610 1082 672 perve-

63 675 132 740 nire
151 676 194 740 ad
206 675 354 740 veritatis
374 673 587 758 cognitionem
602 684 634 738 et
649 673 825 749 scientiam,
844 674 890 738 ita
905 696 964 737 nec
979 673 1083 737 virtu·

63 768 127 824 tem
148 782 294 843 unquam
314 767 556 905 consequuntur
586 757 647 821 hoc
666 757 795 820 nomine
814 758 956 843 dignam.
1000 755 1082 822 Ete-

61 843 130 907 nim
154 842 321 909 abstinent
346 864 379 905 se
398 865 417 905 a
465 841 536 907 aliis
557 839 788 924 voluptatibus,
815 862 878 923 quo
897 840 1023 906 facilius
1042 862 1081 906 ac

62 926 186 991 diutius
207 926 281 991 aliis
298 925 463 1001 fruentum
489 925 599 990 colunt
616 924 786 1002 iustitiam,
806 947 846 988 ne
866 924 929 1008 ipsi
950 924 991 989 ab
1012 925 1082 990 aliis
1119 930 1123 937 '

61 1010 184 1074 iniuria
197 1009 394 1085 afficiantur3
408 1009 507 1075 fortes
523 1019 597 1074 sunt
610 1031 690 1093 prae
702 1008 833 1094 ignavia
847 1018 903 1072 aut
914 1007 1081 1074 imbecilli·

64 1104 143 1170 tate,
165 1115 265 1176 quum
284 1116 347 1157 non
364 1093 502 1158 habeant
521 1093 638 1158 virium
657 1093 737 1158 satis
752 1093 794 1157 ad
808 1093 1015 1159 sustinendas
1031 1105 1081 1159 tc-

63 1178 276 1260 lerandasque
299 1177 494 1243 calamitates
501 1202 510 1254 ;
540 1177 680 1262 denique
706 1177 930 1243 adumbratam
957 1188 1080 1242 tantum

65 1261 190 1326 virtutis
210 1261 348 1345 speciem
367 1274 398 1326 et
416 1261 591 1348 imaginem
613 1262 869 1346 amplectuntur,
891 1283 957 1325 non
975 1261 1081 1345 ipsam

62 1345 212 1410 virtutem
239 1345 362 1423 colunt,
387 1347 532 1430 adeoque
556 1357 772 1411 mercaturam
820 1345 893 1410 uasi
918 1346 1081 1429 quandam

60 1429 187 1494 virtutis
215 1428 352 1508 faciunt,
386 1452 487 1514 quum
516 1431 623 1495 omnia
648 1368 870 1514 voluptatibus
894 1429 1079 1494 metiantur.

58 1513 135 1578 Alia
165 1535 300 1598 prorsus
325 1524 374 1580 est
404 1516 474 1579 veri
499 1514 685 1614 philosophi
711 1513 871 1579 sentiendi
897 1537 917 1578 a
941 1514 1080 1598 endique

58 1597 156 1662 ratio:
181 1597 248 1681 qui,
274 1598 432 1686 quidquid
454 1609 535 1684 agit,
561 1609 732 1684 propterea
753 1599 831 1684 agit,
855 1620 900 1697 qu
957 1621 1079 1674 verum,

58 1681 179 1745 bonum
205 1692 237 1746 et
260 1681 382 1748 iustum
402 1705 474 1747 esse
493 1682 592 1747 videt.
631 1681 706 1764 Quo
725 1683 797 1767 ipso
816 1705 960 1746 smmum
987 1705 1081 1747 suum

60 1765 154 1847 quasi
174 1775 348 1847 praeparat
366 1766 409 1828 ad
429 1767 688 1849 cognoscendam
710 1776 744 1829 et
766 1765 955 1829 intuendam
976 1765 1081 1849 ipsam

59 1870 168 1912 rerum
190 1846 370 1911 veritatem.
412 1848 511 1910 Hanc
530 1857 655 1921 autem,
682 1858 836 1927 quantum
852 1848 1031 1931 intelligere
1050 1858 1084 1912 et

59 1931 221 2015 suspicari
241 1929 335 1994 nobis
352 1929 444 2004 licet,
465 1929 592 1992 animus
610 1928 768 1992 humanus
788 1937 845 1992 aut
858 1950 1019 2026 nusquam
1033 1940 1083 1992 at·

59 2016 175 2100 tinget,
190 2024 248 2077 aut
262 2022 484 2098 postmortem
500 2021 724 2095 consequetur.
753 2011 846 2083 Haec
862 2034 970 2077 omma
984 2013 1084 2098 igitur

59 2121 188 2164 mecum
202 2107 355 2182 reputans
371 2107 487 2162 sortem
501 2118 606 2160 meam
620 2096 701 2160 adeo
714 2118 779 2160 non
793 2094 928 2162 moleste
941 2096 1025 2174 fero,
1045 2109 1081 2162 ut

60 2206 132 2248 eam
162 2182 257 2247 etiam
281 2181 420 2246 faustam
446 2179 639 2264 beatamque
664 2202 735 2246 esse
759 2181 906 2246 arbitrer.
947 2180 1079 2247 Etenim

60 2277 147 2333 certa
159 2289 211 2330 me
227 2289 301 2351 spes
321 2275 410 2330 tenet
422 2264 669 2341 firturumesse,
690 2276 727 2329 ut
741 2266 828 2349 apud
842 2265 963 2331 inferos
978 2267 1079 2331 multo

58 2351 226 2417 certiorem
241 2350 479 2434 plenioremque
495 2372 675 2433 consequar
690 2350 835 2414 veritatis
850 2351 1077 2435 cognitionem,

57 2435 110 2500 cui
124 2458 175 2498 me
188 2434 292 2499 nostis
311 2457 371 2518 per
385 2444 485 2498 totam
500 2435 600 2499 vitam
615 2433 791 2508 studuisse3
819 2444 851 2497 et
866 2434 1012 2499 dominos
1028 2445 1078 2498 at-

58 2541 120 2602 que
135 2519 255 2584 amicos
270 2518 366 2582 etiam
376 2518 441 2582 illic
452 2518 588 2583 habeam
599 2517 746 2602 optimos.
769 2517 885 2582 Haeci
912 2518 975 2582 'tur
990 2529 1076 2594 sunt,

57 2625 140 2686 quae
154 2603 218 2667 mei
232 2602 423 2672 defendendi
438 2624 554 2667 caussa
568 2602 657 2687 apud
670 2625 739 2678 vos,
756 2601 861 2677 amici,
902 2601 1014 2667 'cende
1028 2603 1077 2666 vi-

58 2686 231 2834 debantbm
258 2708 342 2770 quae
362 2687 389 2752 si
403 2685 495 2752 vobis
514 2686 651 2771 probata
665 2685 799 2763 fuerint,
821 2686 942 2770 optime
956 2686 1077 2752 sactum

56 2793 94 2834 ar
115 2770 178 2834 itra
201 2773 288 2835 οῖ’.

115 2852 209 2934 Quae
231 2771 403 2939 po)stquam
419 2853 570 2920 Socrates
589 2854 826 2938 disputaverat,
848 2854 994 2939 primum
1011 2853 1077 2920 Ce-

57 2937 116 3003 bes
127 2938 156 3002 ei
167 2938 349 3023 respondit:
368 2937 485 3004 Cetera
496 2939 637 3021 quidem,
653 2961 672 3002 o
686 2936 847 3015 Socrates,
859 2960 942 3021 quae
954 2938 1076 3015 dixisti,

56 3023 153 3106 plane
167 3022 247 3085 mihi
260 3023 439 3106 probantur
454 3033 487 3086 et
500 3022 630 3106 egregie
644 3021 811 3103 disputata
825 3023 985 3085 videntur.
1013 3020 1079 3084 Sed

58 3106 139 3187 quid
153 3105 260 3167 animo
272 3106 418 3167 futurum
433 3104 509 3166 sita
524 3125 658 3185 corpore
675 3113 844 3198 segregato
859 3112 892 3165 et
906 3103 1080 3178 disiuncto,

57 3189 93 3253 id
119 3187 251 3271 quidem
272 3186 383 3250 multis
402 3184 593 3270 magnisque
613 3183 788 3249 obnoxium
808 3194 857 3248 est
872 3184 1079 3250 dubitationi-

56 3271 130 3336 bus.
166 3270 276 3355 Vulgo
296 3270 381 3334 enim
400 3277 557 3345 metuunt,
580 3290 620 3332 ne
640 3290 657 3332 e
680 3289 814 3351 corpore
833 3269 991 3334 excedens
1006 3269 1077 3333 ani·

11 3356 17 3364 ’
55 3378 129 3420 mus
145 3365 299 3438 tanquam
314 3352 431 3417 halitus
445 3363 502 3417 aut
520 3351 631 3416 fumus
643 3351 820 3436 dissipetur
833 3364 931 3436 atque
945 3352 1075 3436 penitus

56 3449 237 3504 evanescat.
259 3436 374 3521 Itaque
386 3435 603 3502 necessarium
614 3446 673 3511 est,
689 3448 726 3499 ut
736 3435 892 3520 probetur
902 3460 1074 3523 argumen-

56 3524 98 3588 tis
118 3546 192 3588 eum
206 3522 304 3587 etiam
318 3532 393 3606 post
405 3531 540 3586 mortem
555 3520 699 3604 corporis
713 3543 843 3586 manere
858 3522 1073 3606 superstitem,

10 3639 12 3643 ·
56 3608 176 3693 vigere,
203 3606 346 3692 cogitare
352 3629 361 3682 3
388 3606 521 3689 eiusque
536 3604 593 3682 rei,
615 3602 813 3707 oSocraqs
831 3606 856 3669 si
872 3628 970 3689 quam
985 3616 1073 3671 tenes

56 3690 301 3776 explicationem
322 3701 354 3755 et
374 3689 687 3766 demonstrationem,
715 3711 777 3775 age
796 3689 884 3754 illam
904 3689 1074 3755 nobiscum

56 3775 266 3842 communica.
287 3773 363 3861 Ego
377 3797 464 3851 vero,
479 3773 585 3858 inquit
597 3772 759 3851 Socrates,
780 3774 896 3840 faciam
911 3774 998 3859 quod
1011 3796 1071 3858 pe·

105 4054 444 4145 cumn-mu
