2604 4620
135 233 160 278 X
490 182 767 275 'facundorum

52 402 57 409 ·
135 382 295 457 venirem3
318 381 376 447 sed
397 380 461 446 vin’
484 388 520 445 tu
540 401 678 458 mecum,
700 399 883 464 quanquam
903 400 968 461 non
987 381 1161 466 invitatus,

135 468 178 535 ad
200 467 269 533 eius
292 488 425 532 coenam
446 465 578 531 venire?
613 463 687 551 Ego
707 486 796 542 vero,
818 463 933 549 iuquit,
963 476 1002 531 ut
1023 466 1087 535 tibi
1107 471 1157 549 vif

135 553 239 619 detur.
261 550 365 638 Igitur
387 550 482 616 simul
502 550 690 637 procedunt.
713 545 781 614 Sed
793 572 894 632 quum
906 550 1046 619 intraret
1059 556 1158 624 aedes

135 636 371 715 Aristodemus,
402 637 504 701 solum
530 657 565 700 sc
592 634 682 700 videt
702 633 848 700 relictum
855 659 865 710 ;
894 633 1051 705 Socrates
1078 665 1157 709 nus·

137 744 234 807 quam
256 730 407 822 apparet3
436 720 624 786 substiterat
652 718 737 785 enim
757 718 792 784 in
813 719 877 799 via,
929 721 964 787 ui
990 724 1062 790 eins
1088 738 1154 793 erat

136 829 215 884 mos,
230 805 416 901 cogitationi
430 805 580 871 intentus.
601 803 721 870 Postea
738 802 826 869 venit
841 815 874 870 et
944 806 1148 895 Agathonem

136 882 284 963 considit.
319 888 485 957 Convivae
507 911 607 956 coena
627 898 757 976 peracta
781 887 894 969 libant,
922 914 1080 979 paeonem
1097 918 1148 961 aa·

136 986 237 1055 nunts
251 976 293 1040 ad
313 985 427 1062 potum
448 999 482 1041 se
504 975 725 1060 cameruost).

179 1059 231 1125 Ibi
252 1059 429 1126 Pausanias
460 1058 607 1208 {interior
635 1058 688 1125 ille
719 1058 841 1125 scilicet
861 1060 1045 1150 Agathonis
1074 1065 1153 1130 ami-

137 1168 212 1222 cus3
233 1142 306 1210 vtS
363 1166 395 1236 p.
436 1193 443 1209 .
481 1144 532 1207 93.
548 1142 589 1208 Β.
605 1144 676 1209 coll.
690 1142 823 1232 Protag.
839 1147 912 1217 315.
925 1146 970 1215 D.
983 1146 1026 1213 Ε.
1048 1148 1154 1217 Xen.

138 1228 253 1330 Symp.
268 1167 363 1301 Vffis
379 1167 447 1323 30p]
468 1226 625 1329 eiusmodi
640 1229 793 1299 sermonis
806 1230 931 1301 initium
943 1231 1063 1311 iniecit,
1087 1257 1155 1318 quo

137 1338 289 1385 eonmvas
310 1323 463 1391 moneret,
491 1324 527 1378 ut
548 1314 706 1392 viderent,
736 1337 801 1399 qna
820 1314 940 1392 ratione
960 1315 1154 1387 suavissime

137 1400 302 1475 biberentr
325 1399 497 1487 egoenim,
518 1398 632 1482 inquit,
655 1398 763 1486 potius
777 1422 818 1465 ex
836 1398 982 1465 besterna
996 1410 1076 1484 potu
1095 1424 1150 1466 re-

138 1486 245 1571 quiem
267 1506 363 1569 quam
384 1506 469 1549 nova
482 1483 599 1570 pocula
617 1506 747 1573 quaero.
769 1483 842 1551 Hoc
855 1482 1021 1551 consilium
1033 1483 1152 1570 reliqui

137 1570 290 1657 probant3
314 1568 462 1635 convenit
475 1568 558 1637 inter
572 1591 637 1648 eos,
659 1580 695 1635 ut
716 1569 819 1635 doctis
832 1568 938 1656 potins
951 1569 1153 1639 sermonibus

137 1677 235 1740 quam
263 1654 339 1720 vino
368 1663 544 1744 peragatur
573 1654 763 1721 convivium.
800 1650 946 1742 Suscipit
973 1676 1155 1725 sermonem

223 1862 282 1906 ante
299 1857 398 1907 obitum
415 1855 527 1908 Socratis
545 1857 608 1905 haec
625 1856 782 1920 exposuisse.
806 1855 895 1919 nque
911 1856 963 1907 boc
978 1854 1055 1907 ctiam
1072 1869 1106 1904 cx
1123 1870 1154 1905 eo

222 1925 252 1975 fit
268 1924 487 1985 verisimillimum
505 1925 574 1986 qnod
584 1924 691 1989 Agatho
703 1933 780 1988 poeta
796 1925 829 1974 ab
845 1938 877 1975 so
891 1924 981 1975 dorm
990 1936 1058 1973 nnnc
1068 1921 1152 1986 ipsum

223 1992 449 2055 peragraverat,
470 2007 546 2055 quem
563 1999 658 2041 camum
677 2000 715 2042 cst
732 1993 836 2059 Olymp.
852 1990 938 2045 xcu„
955 1996 988 2052 3.,
1010 2003 1060 2054 quo
1081 2004 1150 2055 anuo

223 2059 403 2124 Aristophanis
420 2059 701 2122 Thesmophorianusue
717 2068 775 2111 acta
792 2068 838 2121 est,
860 2075 942 2125 usque
957 2057 1065 2111 Athenis
1081 2072 1150 2107 com-

225 2136 351 2176 moratum
370 2142 432 2177 csse.
450 2127 506 2175 Iam
523 2141 584 2175 vero
601 2127 708 2189 Agatho
727 2127 829 2193 Olymp.
841 2126 939 2181 xclv.
957 2134 1070 2178 exrema
1085 2124 1150 2175 diem

225 2210 370 2257 supremum
389 2195 459 2255 obiit,
477 2195 503 2243 id
519 2196 590 2256 quod
606 2194 807 2247 Bitschelius
823 2192 1099 2258 commagenam
1114 2209 1153 2243 ar·

224 2263 350 2324 gumentis
373 2261 545 2326 probabilibus
568 2263 756 2315 demonsnavit.
784 2265 876 2327 Itaque
897 2271 1097 2315 consentaneum
1118 2269 1157 2311 est

224 2330 394 2380 narrationem
417 2329 572 2394 Apollodori
594 2331 621 2378 in
643 2337 743 2395 tempus
765 2332 831 2383 inter
852 2331 954 2397 olymp.
974 2328 1061 2381 XCII.
1082 2336 1106 2380 3.
1131 2337 1158 2379 et

225 2397 328 2463 Olymp.
339 2397 437 2451 XCIV.
449 2404 473 2448 4.
491 2398 651 2448 interiectum
667 2398 792 2451 incidisse.
811 2400 974 2463 Quamquam
985 2412 1042 2448 cam
1055 2404 1159 2463 propter

225 2467 296 2515 illam
318 2481 395 2530 quam
411 2466 499 2531 paullo
522 2473 581 2518 aute
603 2466 734 2519 attulimus
756 2483 872 2520 caussam
891 2466 1100 2518 vadsimillimum
1119 2472 1158 2515 est

225 2537 258 2585 ad
277 2535 435 2599 Olympiadis
452 2532 549 2588 x01v.
567 2534 665 2587 exitum
682 2534 841 2587 referendam
858 2550 922 2587 assa.
940 2534 1008 2587 Scite
1023 2532 1100 2596 igitur
1117 2538 1156 2580 at-

225 2616 274 2665 que
291 2603 408 2653 sollerter
418 2603 494 2653 Plato
506 2602 542 2655 rei
554 2602 724 2655 narrationem
736 2604 762 2653 in
773 2603 839 2655 illud
856 2601 963 2655 contulit
978 2608 1086 2665 tempus,
1103 2614 1157 2662 quo

225 2669 323 2721 Socrati
344 2671 384 2719 vel
406 2670 518 2722 maxime
540 2670 626 2720 odium
649 2677 674 2720 et
690 2670 784 2725 invidia
801 2672 859 2725 inde
880 2670 929 2725 fuit
949 2669 1064 2729 conflata,
1087 2668 1158 2732 quod

225 2751 304 2799 quum
327 2737 391 2788 alios
402 2738 518 2798 iuvenes,
535 2745 590 2790 tum
607 2738 722 2802 inprimis
733 2740 896 2794 Alcibiadem
913 2736 1092 2789 cousuetudine
1109 2751 1159 2786 sna

225 2804 385 2868 conupisset.
413 2804 492 2856 Cuius
508 2805 544 2856 rei
562 2805 626 2856 ratio
644 2807 747 2870 cognito
766 2808 869 2862 demum
884 2808 1009 2873 planaque
1025 2804 1156 2855 intellecto

224 2872 334 2923 universi
355 2872 412 2923 libri
433 2881 584 2937 argumento
604 2875 705 2939 panitas
726 2877 898 2941 perspicietur.
931 2875 1019 2941 Atque
1043 2872 1158 2924 indidem

226 2940 303 2990 etiam
320 2940 429 3005 intelligi
446 2943 546 3007 poterit,
569 2957 613 2992 cur
635 2942 720 3007 ipsum
740 2944 886 3003 convivium
902 2945 955 2997 lam
971 2949 1031 2996 ante
1047 2942 1159 2997 multum

225 3017 325 3073 tempus
342 3009 458 3061 habitum
475 3011 593 3074 fingatur.
623 3009 675 3063 Sed
691 3020 846 3066 revertamur
866 3012 1005 3077 aliquando
1022 3025 1109 3065 mrsus
1126 3009 1158 3061 ad

225 3077 308 3141 ipsum
321 3076 448 3143 Symposii
465 3079 606 3130 exordium.
623 3078 716 3135 narra
732 3079 810 3143 igitar
820 3080 999 3145 Apollodorus
1016 3093 1072 3139 sese
1083 3077 1159 3128 etiam

224 3146 289 3196 illud
309 3161 326 3195 a
343 3143 476 3197 Glaucone
498 3148 680 3210 interrogatum
698 3161 760 3210 esse,
781 3149 849 3207 unde
870 3163 925 3208 reru
942 3146 1087 3212 accepisset
1110 3144 1159 3196 cui

225 3228 253 3263 se
264 3215 431 3277 respondisse,
443 3215 562 3265 notitiam
574 3215 642 3267 illius
654 3222 784 3279 acceptam
795 3214 882 3267 referri
892 3204 1057 3276 Aristodemo
1064 3216 1074 3275 ;'
1089 3212 1158 3263 huno

226 3281 295 3329 enirn
311 3280 384 3329 illam
401 3282 448 3331 sibi
465 3284 592 3346 impertire
609 3283 722 3347 potuisse
738 3292 827 3349 utpote
839 3285 970 3343 homiuem
982 3279 1091 3337 Socratis
1103 3286 1155 3329 stu,

225 3347 397 3397 diosissimum
415 3346 588 3413 (p.173.B.)‚
610 3357 707 3415 partem
729 3358 816 3405 tamen
836 3350 988 3406 matianis
1009 3348 1085 3398 etiam
1106 3343 1155 3406 ipsi

225 3413 326 3465 Socrati
349 3417 432 3466 deberi
453 3433 469 3466 a
491 3431 518 3467 se
540 3421 571 3468 de
587 3418 628 3469 his
645 3420 719 3469 rebus
737 3419 876 3471 identidem
891 3418 1053 3478 interrogato·
1082 3410 1155 3474 Qum

227 3497 349 3544 quorsum
367 3492 489 3548 spectent,
506 3487 601 3535 nemini
619 3487 737 3550 cuiquam
755 3489 859 3538 dubium
876 3486 930 3537 iore
947 3488 1071 3547 putamus,
1100 3478 1154 3535 Vss·

225 3551 280 3600 lent
297 3552 364 3600 enirn
381 3554 415 3600 ad
432 3556 576 3616 augendam
593 3556 842 3620 confirmandamque
858 3567 941 3607 rerum
956 3546 1154 3600 verisimilitudi-

226 3632 293 3679 nem,
317 3618 487 3685 eificiuntque‚
505 3629 534 3671 ut
552 3623 712 3673 credibiliora
728 3624 859 3675 videantur
875 3630 929 3672 tum
945 3616 1043 3679 reliquo
1059 3615 1156 3675 omnic,

226 3695 282 3740 tum
299 3687 413 3751 inprimis
430 3706 469 3750 ea,
487 3705 552 3753 quac
569 3690 636 3740 iufra
654 3692 685 3740 de
703 3690 806 3743 Socrate
823 3698 848 3743 at
863 3685 996 3740 Alcibiade
1013 3691 1156 3734 narrantur.

195 3794 203 3804 .
226 3755 317 3819 Itaque
333 3756 508 3821 Apollodorus
526 3772 580 3807 sese
597 3759 634 3809 ait
651 3760 683 3809 de
700 3760 740 3809 his
758 3761 830 3811 rebus
850 3754 1022 3806 convivalibus
1045 3752 1079 3802 ab
1097 3751 1156 3802 Ari-

227 3824 343 3878 stodemo
365 3826 475 3889 acceptis
498 3825 548 3874 iam
571 3835 642 3877 tanto
663 3828 790 3878 lubentius
807 3824 982 3889 expositurum
999 3835 1064 3882 ³⁸⁸0,
1087 3821 1160 3884 (luOd

226 3908 307 3957 nuper
324 3895 425 3952 demum
437 3893 564 3947 Glauconi
581 3896 613 3943 da
630 3895 719 3946 iisdem
731 3892 872 3953 narraverit,
890 3900 967 3956 atque
985 3905 1029 3943 eas
1047 3890 1083 3942 ita
1101 3905 1156 3940 nar·

226 3970 273 4022 rat,
291 3969 319 4011 ut
337 3961 422 4011 omnia
440 3961 472 4017 ad
489 3959 681 4014 Aristodemum
699 3970 826 4016 auctorem
843 3959 943 4013 referat.

184 4052 210 4116 t)
228 4070 307 4117 usque
325 4058 356 4105 ad
373 4070 397 4118 p.
414 4056 467 4105 tto.
480 4052 514 4109 A.
