2604 4620
135 183 160 229 X
495 175 766 223 ascensorium

53 352 56 359 ·
135 332 295 408 venirem
318 330 377 397 sed
397 330 461 397 vin'
484 338 520 395 tu
541 350 678 408 meeum,
700 349 883 414 quanquam
902 348 968 411 non
987 329 1162 412 invitatus,

136 416 269 483 adeius
291 438 425 483 coenam
446 414 578 481 venire?
613 412 687 501 Ego
707 435 796 493 vero,
818 412 933 498 inquit,
962 423 1003 479 ut
1026 412 1093 481 tibi
1114 418 1160 495 vif

136 503 239 568 detur.
261 501 365 588 Igitur
387 500 482 566 simul
501 499 690 587 procedunt.
712 494 781 563 Sed
794 520 894 582 quum
906 498 1049 566 intraret
1062 502 1160 569 aedes

135 586 371 665 Aristodemus,
402 586 504 651 solum
530 606 565 650 sc
592 583 682 649 videt
702 583 864 659 relictum3
894 581 1054 651 Socrates
1081 610 1159 655 nus-

137 695 234 758 quam
256 681 408 773 apparet3
437 669 624 736 substiterat
652 668 737 734 enim
757 668 792 733 in
813 667 877 747 via,
928 668 962 734 ui
989 671 1064 737 eius
1093 684 1159 739 erat

136 752 883 926 titaaratitum..1'mutta
921 753 1157 925 pidittm

276 891 285 906 ο
883 886 893 917 ‚
1142 882 1156 895 ¹

136 938 237 1005 nunt,·
251 926 294 990 ad
314 935 427 1012 potum
448 949 483 991 se
505 924 726 1009 conserunt*).

180 1009 232 1075 Ibi
252 1010 430 1076 Pausanias
461 1008 608 1158 {interior
635 1008 689 1074 ille
719 1007 841 1074 scilieet
860 1007 1048 1097 Agathonis
1077 1012 1154 1077 ami·

138 1119 212 1171 cus3
234 1118 265 1160 u.
282 1091 306 1159 S
364 1117 396 1185 p.
411 1117 444 1180 p.
482 1093 533 1157 93.
548 1091 589 1158 Β.
606 1094 676 1158 coll.
690 1091 823 1181 Protag.
839 1095 911 1159 315.
925 1093 970 1161 D.
984 1093 1029 1161 Ε.
1052 1094 1154 1163 Xen.

139 1178 254 1281 Symp.
269 1117 364 1251 Vffin
379 1179 430 1243 30.
469 1178 626 1243 eiusmodi
640 1178 793 1249 sermonis
806 1177 932 1249 initium
945 1178 1071 1280 iniecit,
1093 1204 1155 1282 quo

138 1288 290 1335 oonvrvas
311 1272 464 1341 moneret,
492 1273 528 1328 ut
548 1262 706 1342 viderent,
736 1285 800 1348 qua
821 1262 944 1331 ratione
966 1287 1156 1331 suavissime

138 1350 303 1417 biberent:
326 1348 497 1437 egoenim,
519 1347 633 1432 inquit,
655 1347 763 1436 potius
777 1370 819 1413 ex
839 1348 989 1449 hesterno
1003 1362 1087 1436 potu
1106 1375 1156 1417 re·

139 1437 246 1522 quiem
267 1456 364 1519 quam
384 1455 469 1498 nova
483 1433 599 1519 pocula
618 1454 748 1522 quaero.
769 1432 843 1499 Hoc
858 1433 1028 1501 consihum
1041 1435 1158 1522 reliqui

138 1520 291 1607 probant3
315 1517 463 1585 convenit
476 1517 558 1582 inter
573 1540 638 1597 eos,
660 1528 696 1584 ut
717 1516 820 1583 doctis
833 1518 940 1604 potius
955 1520 1158 1589 sermonibus

138 1628 236 1690 quam
265 1603 340 1670 vino
369 1613 545 1692 peragatur
574 1604 764 1670 convivium.
801 1599 947 1690 Suscipit
976 1627 1158 1675 sermonem

224 1812 283 1855 ante
300 1807 398 1857 obitum
416 1804 528 1857 Socratis
545 1806 609 1854 haec
626 1804 782 1869 exposuisse.
807 1803 894 1868 Atque
912 1804 1060 1857 boeotiam
1075 1819 1108 1854 ex
1125 1820 1157 1855 eo

223 1874 253 1923 fit
269 1873 488 1934 verisimillimum,
506 1875 575 1935 quod
585 1872 692 1937 Agatho
703 1880 780 1937 poeta
797 1873 829 1922 ab
847 1887 877 1922 eo
891 1873 984 1924 dicitur
994 1886 1061 1925 nuuc
1069 1872 1153 1936 ipsam

224 1956 328 2005 peregre
345 1941 449 1998 versari,
471 1955 547 2004 quem
564 1948 658 1991 eertum
678 1949 716 1991 est
733 1941 836 2007 Olymp.
853 1940 939 1993 xcss.
957 1947 993 2003 3.,
1014 1954 1061 2005 quo
1081 1953 1151 2003 anuo

224 2009 403 2072 Aristophanis
421 2008 702 2072 Thesmophoriaausae
718 2016 776 2059 acta
792 2016 838 2069 est,
861 2024 942 2073 usque
958 2006 1067 2060 Athenis
1081 2020 1149 2056 eom·

226 2084 352 2125 moratum
371 2091 433 2126 esse.
451 2075 507 2124 Iam
524 2090 584 2125 vero
602 2076 709 2138 Agatho
727 2076 830 2142 Olymp.
841 2076 939 2128 XCIV.
958 2073 1151 2128 sanemarium

226 2158 371 2206 supremum
389 2144 460 2203 obiit,
477 2143 504 2192 id
521 2145 590 2206 qnod
607 2143 808 2195 Bitschelius
824 2144 866 2195 De
880 2144 945 2195 Vita
955 2141 1101 2209 agathonis
1116 2158 1155 2192 ar·

224 2211 351 2272 gumentis
373 2210 546 2274 probabilibus
569 2212 757 2263 demonstravit.
785 2214 876 2275 Itaque
898 2221 1099 2263 consentaneum
1120 2218 1160 2261 est

225 2278 395 2329 narrationem
417 2277 573 2342 Apollodori
595 2280 622 2329 in
644 2287 744 2344 tempus
766 2281 832 2330 inter
853 2280 956 2347 Olymp.
975 2278 1062 2330 XCII.
1083 2286 1108 2329 3.
1134 2287 1162 2329 et

226 2347 329 2411 Olymp.
340 2346 438 2400 xciv.
450 2353 474 2396 4.
491 2347 651 2397 interiectum
668 2347 793 2399 incidisse.
812 2347 974 2412 Quamquam
984 2360 1041 2397 eam
1054 2352 1163 2410 propter

225 2416 296 2465 illam
319 2431 395 2479 quam
412 2415 500 2479 paullo
523 2422 582 2466 ante
604 2416 735 2469 attulimus
757 2432 872 2468 caussam
893 2414 1100 2467 verisimillimum
1119 2422 1161 2464 est

227 2486 260 2533 ad
277 2484 435 2549 Olympiadis
453 2482 550 2537 XCIV.
568 2483 666 2536 exitum
683 2484 842 2535 referendam
859 2499 923 2536 esse.
940 2482 1005 2535 Scite
1020 2480 1100 2543 igitur
1116 2486 1157 2529 at·

226 2565 275 2614 que
292 2552 408 2601 sollerter
418 2552 495 2601 Plato
508 2552 543 2605 rei
555 2552 725 2605 narrationem
737 2553 763 2602 in
774 2552 840 2605 illud
857 2550 962 2603 contulit
976 2556 1084 2612 tempus,
1101 2561 1157 2610 quo

226 2618 324 2669 Socrati
345 2619 386 2668 vel
407 2619 519 2671 maxime
541 2620 627 2670 odium
649 2625 675 2669 et
691 2620 785 2673 invidia
801 2621 860 2674 inde
881 2620 930 2675 fuit
950 2616 1063 2677 00an
1085 2617 1159 2679 quod

226 2700 305 2748 quum
327 2686 392 2736 alios
403 2686 518 2747 iuvenes,
536 2693 591 2739 tum
608 2687 723 2751 inprimis
734 2690 896 2743 Alcibiadem
914 2683 1091 2739 consuetudine
1108 2699 1159 2734 sna

226 2753 386 2816 corrupisset.
413 2752 493 2805 Cuius
509 2754 546 2804 rei
563 2755 628 2805 ratio
646 2757 748 2819 cognito
768 2757 869 2810 demum
885 2757 1011 2821 planeque
1026 2752 1156 2803 inmlleeto

225 2821 335 2872 universi
356 2821 413 2872 libri
434 2829 585 2886 argumento
606 2823 707 2887 penitus
728 2826 898 2891 perspicietur.
932 2824 1021 2888 Atque
1045 2821 1159 2873 indidem

227 2889 304 2941 etiam
321 2889 430 2954 intelligi
447 2891 547 2956 poterit,
570 2905 615 2941 cnr
635 2890 721 2955 ipsum
742 2893 887 2952 convivium
902 2893 954 2944 iam
971 2898 1032 2943 ante
1049 2890 1159 2945 multum

226 2967 326 3024 tempus
343 2959 459 3011 habitum
476 2960 594 3024 fingetur.
624 2958 677 3012 Sed
693 2970 847 3012 revertamur
868 2960 1005 3025 aliquando
1023 2973 1110 3013 rursus
1127 2957 1159 3009 ad

226 3029 309 3093 ipsum
322 3027 450 3094 Symposii
466 3029 608 3080 exordium.
625 3028 718 3085 Narrat
734 3029 811 3093 igitur
821 3028 999 3094 Apollodorus
1016 3040 1073 3086 sese
1083 3025 1160 3076 etiam

226 3098 290 3147 illud
311 3113 327 3147 a
344 3095 477 3149 Glaucone
499 3099 682 3160 interrogatam
699 3112 761 3160 esse,
782 3099 850 3156 unde
863 3111 930 3167 rem¹
942 3094 1087 3159 accepisset
1111 3092 1160 3144 Cui

227 3179 255 3214 se
266 3166 433 3228 respondisse,
445 3166 564 3217 notitiam
575 3166 644 3218 iilius
655 3173 785 3229 acceptam
796 3164 883 3216 referri
893 3162 1074 3224 Aristodemo}
1090 3161 1160 3212 buna

228 3232 296 3280 enim
313 3231 385 3281 illam
402 3233 450 3282 sibi
466 3234 594 3297 impertire
611 3234 723 3297 potuisse
740 3241 828 3298 utpote
840 3233 971 3291 hominem
983 3228 1092 3288 Socraffl
1104 3235 1157 3278 ⁸th

227 3297 398 3347 diosissimnm
417 3297 454 3361 (p.
470 3304 524 3350 17³.
536 3298 589 3363 B.),
612 3307 709 3365 partem
731 3308 816 3353 tamen
837 3300 991 3353 narrationis
1012 3297 1087 3348 etiam
1107 3294 1158 3358 ipsi

227 3360 327 3412 Socrati
350 3366 433 3414 deberi
455 3380 471 3415 a
492 3379 519 3415 se
542 3371 572 3418 de
589 3367 630 3418 his
646 3369 721 3419 rebus
737 3368 876 3419 identidem
892 3366 1057 3431 interrogato.
1085 3363 1159 3427 Quae

228 3442 350 3489 quorsum
368 3440 491 3495 spectent,
507 3436 603 3484 nemini
621 3436 739 3500 cuiquam
756 3437 860 3487 dubium
878 3435 933 3486 fore
950 3443 1077 3500 putamus.
1104 3431 1159 3489 Vt!-

226 3495 281 3544 lent
298 3497 366 3546 enim
382 3500 416 3547 ad
433 3504 576 3563 aagendam
594 3506 843 3568 confirmandamque
860 3519 944 3554 rernm
960 3500 1159 3554 vensimilitudi-

228 3576 307 3642 nem·
318 3563 488 3643 efficiuntque,
507 3576 535 3619 ut
553 3571 713 3622 credibiliora
730 3573 861 3624 videantur
878 3580 932 3623 tum
950 3572 1049 3635 reliqua
1066 3568 1160 3628 omnia,

228 3639 283 3685 tum
300 3633 414 3695 ruprrmis
432 3650 470 3696 ea,
489 3652 554 3700 quae
571 3638 638 3689 infra
656 3642 687 3689 de
705 3639 807 3692 Socrate
825 3647 850 3691 et
867 3640 1001 3690 Alcibiade
1019 3646 1159 3689 narrantur.

197 3738 205 3749 .
227 3699 318 3763 Itaque
335 3699 510 3764 Apollodorus
527 3720 581 3755 sese
599 3708 635 3758 ait
653 3709 684 3758 de
701 3709 741 3758 his
758 3709 832 3760 rebus
854 3708 1027 3760 convivalibus
1050 3707 1083 3756 ab
1101 3704 1159 3756 Ari·

229 3768 344 3822 studento
367 3771 477 3834 accoptis
500 3773 550 3821 iarn
573 3782 644 3824 tanto
665 3777 792 3828 lubentius
810 3777 986 3840 expositurum
1003 3790 1067 3835 esse,
1090 3773 1162 3838 quod

228 3853 309 3903 nuper
326 3839 426 3897 demum
439 3838 565 3893 Glauconi
583 3844 614 3891 de
631 3843 721 3894 iisdem
732 3845 876 3905 narraverit,
894 3852 970 3907 atque
988 3859 1031 3895 eas
1049 3843 1085 3894 ito
1104 3858 1158 3892 nar·

229 3915 276 3968 rat,
293 3914 322 3956 ut
339 3906 424 3958 omnia
441 3909 474 3968 ad
491 3908 683 3967 Aristodemum
700 3919 829 3964 auctorem
847 3910 945 3963 referat.

186 3999 213 4064 t)
231 4017 309 4066 nsque
327 4005 399 4066 adp.
416 4005 469 4055 175.
482 4002 515 4062 A,
