2604 4620
266 187 269 200 '
399 224 403 229 -
523 213 572 258 An
595 182 810 260 srnrosruar.
1048 219 1165 263 xxxix

161 370 214 433 lat.
237 361 518 451 Videmusigitur,
539 363 574 426 id
594 363 679 447 quod
700 364 799 449 probe
814 367 987 431 tenendum
1011 381 1069 448 est,
1091 393 1165 435 eum
1208 380 1210 385 ’

161 453 247 517 haud
275 472 347 516 sane
372 448 469 513 alium
493 447 527 510 in
552 452 658 513 merite
683 448 801 514 habere
823 471 973 527 amorem,
994 474 1090 535 quam
1111 477 1165 519 ca-

162 547 259 613 stum,
284 535 466 610 honestum,
494 531 631 617 denique
658 533 788 618 optimis
814 534 993 623 quibusque
1018 537 1065 600 ita
1090 548 1166 622 pross

161 622 278 698 batum,
304 621 400 684 utin
425 638 463 680 ao
488 617 661 681 maximum
689 616 819 682 virtutis
845 619 1042 704 praesidium
1062 622 1168 704 inesse

161 703 398 789 crediderint).
428 699 474 767 At
502 701 588 765 enim
614 723 690 766 vero
717 704 920 786 quantumvis
945 703 1038 771 homo
1059 706 1168 772 Tisias

159 801 260 855 artem
281 789 403 854 triverit
424 795 519 868 atque
540 785 636 850 etiam
648 785 770 870 Lysiae
792 787 1005 871 eloquentiam
1025 791 1167 857 studiosa

160 884 298 941 sectatus
326 874 376 950 sit,
404 870 445 934 de
473 877 536 953 qua
554 892 591 935 re
610 871 676 936 vid
697 870 836 937 Phaedr.
859 873 891 938 ll.
915 895 972 952 ca,
1000 885 1107 939 tamen
1127 876 1169 940 de
1273 906 1275 911 ¹

157 960 211 1025 illo
232 981 347 1044 parum
366 954 515 1020 distincte
534 955 683 1038 loquitur.
705 954 789 1021 Nam
811 980 852 1021 ne
866 957 1020 1022 discernit
1038 960 1168 1045 quidem

159 1045 247 1110 varia
268 1042 382 1107 amoris
403 1060 534 1128 genera,
557 1040 643 1123 quod
663 1051 749 1106 certe
772 1064 844 1105 eum
864 1042 968 1107 facere
990 1045 1167 1129 oportebat,

180 1128 215 1193 ui
235 1127 340 1192 orunia
360 1136 456 1208 atque
476 1124 602 1210 singula
622 1125 656 1188 in
677 1147 785 1190 amore
804 1126 937 1193 laudare
955 1128 1096 1194 animum
1116 1132 1182 1194 ins.

159 1151 314 1279 duxisset.
344 1207 558 1292 Quamobrem
580 1207 631 1272 hio
651 1209 746 1275 talem
767 1212 910 1294 proiecto
932 1216 1045 1278 rursus
1066 1238 1167 1303 agno-

127 1330 130 1337 =
159 1298 285 1373 scimus,
311 1295 436 1380 qualem
462 1317 497 1358 se
522 1292 558 1357 in
579 1293 706 1380 dialogo
732 1296 923 1380 cognomine
945 1296 1086 1376 exhibet,
1111 1299 1169 1365 ubi

156 1406 221 1449 non
241 1380 335 1448 modo
354 1379 476 1464 Lysiae
494 1377 668 1443 oraticnem
688 1380 884 1458 amatorium,
906 1381 982 1447 licet
1002 1381 1170 1450 dialectica

156 1469 272 1534 virtute
292 1466 392 1551 plane·
408 1463 602 1540 destitutam,
624 1464 756 1528 summis
778 1466 901 1530 extollit
922 1468 1081 1547 laudibus,
1110 1492 1166 1534 ve-

157 1575 228 1618 rum
250 1552 343 1616 etiam
365 1572 384 1613 a
406 1544 542 1613 Socrate
563 1548 670 1611 multis
690 1547 797 1614 verbis
812 1550 995 1616 edocendus
1008 1565 1068 1631 est,
1090 1554 1168 1638 quid

157 1637 200 1702 ait
218 1634 384 1701 dialectica
404 1642 436 1696 et
457 1640 611 1715 quantum
624 1653 664 1694 aa
678 1633 780 1696 valeat
794 1635 835 1696 ad
850 1638 1080 1702 emendandam
1093 1661 1168 1722 per-
1275 1685 1279 1691 -

156 1718 386 1800 ficiemhmque
406 1716 485 1780 artis
506 1714 682 1779 rhetoricae
699 1717 865 1782 rationem.
893 1718 1053 1800 Quocirca
1074 1722 1169 1786 etiam

157 1805 192 1869 in
219 1802 387 1888 Symposio
415 1801 578 1866 rhetorum
603 1799 730 1864 illorum
757 1802 929 1867 admirator
960 1805 1006 1868 ita
1034 1808 1171 1890 loquens
1197 1829 1200 1835 ’

155 1889 326 1965 inducitur,
353 1896 390 1950 ut
411 1888 494 1952 tecte
520 1883 614 1948 simul
635 1884 731 1949 etiam
751 1887 871 1951 familia
892 1910 1012 1969 eorum,
1036 1891 1087 1956 cui
1109 1891 1168 1954 ad-

157 1975 260 2038 dictus
282 1972 353 2049 fuit,
373 1970 472 2036 rideri
491 1968 650 2035 rideatur.

162 2135 165 2139 .
197 2055 266 2124 Sed
287 2057 365 2122 satis
386 2055 427 2119 de
447 2052 589 2123 Phaedri
611 2055 761 2120 orations.
789 2055 960 2142 Pergimus
982 2060 1024 2124 ad
1044 2058 1168 2124 Pausa-

156 2144 251 2221 niam,
278 2142 369 2208 ouius
389 2143 454 2207 iam
473 2138 576 2205 oratio
597 2141 829 2238 praetermissis
855 2141 988 2208 aliorum
1009 2144 1167 2209 declama-

157 2228 295 2293 tionibus
314 2235 461 2294 mrratur
482 2224 523 2291 ab
546 2223 749 2289 Austodemo
772 2248 845 2290 cum
859 2226 1057 2313 Apollodoro
1079 2251 1166 2294 com·

157 2313 318 2378 manicata
339 2333 422 2377 esses
438 2309 656 2376 Pmliciscitur
675 2309 703 2374 is
723 2310 800 2374 item
816 2311 858 2377 ab
872 2311 993 2379 Amore
1006 2323 1168 2396 tamquam

158 2399 229 2476 deo,
257 2398 314 2463 scd
337 2402 416 2462 eum
442 2393 612 2482 distinguit
635 2394 812 2479 duplicem,
841 2397 1168 2480 alterumeavtqpov,

157 2483 291 2548 alterum
317 2483 485 2546 coelestem
506 2503 532 2544 s.
561 2480 706 2562 οὐράνιον.
740 2478 838 2561 Quod
865 2482 993 2565 quidem
1017 2484 1063 2546 ita
1090 2483 1169 2548 facit

157 2590 221 2633 non
242 2568 310 2632 sine
329 2563 748 2649 Phaedrireprehensione,
777 2565 833 2649 qui
861 2576 1034 2650 utrumque
1055 2568 1169 2632 confu-

158 2652 241 2717 derit
260 2663 356 2735 atque
383 2675 421 2716 ea
440 2648 619 2715 laudaverit
639 2651 856 2728 communiter,
882 2672 965 2736 quae
992 2653 1171 2718 seeundum

158 2740 281 2826 general
298 2759 356 2801 sua
377 2734 587 2802 discernenda
606 2735 733 2799 fuerint.
761 2734 904 2800 Disserit
924 2747 1032 2802 autem
1054 2739 1111 2816 sic,
1133 2748 1170 2801 ut

159 2822 405 2905 unumquodque
426 2820 599 2906 negotium,
651 2822 735 2884 ronti
760 2832 816 2884 aut
835 2821 967 2888 honeste
988 2832 1044 2887 aut
1066 2823 1169 2907 turpi·

159 2918 276 2989 ter-pe
336 2918 417 2983 atur,
443 2907 491 2982 ita
516 2904 613 2967 etiam
661 2915 807 2968 onestum
834 2916 890 2968 aut
917 2917 1012 2990 turpe
1033 2906 1170 2970 evadere

160 2999 302 3073 emieat·
333 2989 396 3054 'cet
414 3011 472 3074 per
493 3010 530 3052 se
547 3008 652 3069 neque
674 2997 768 3072 turpe
788 3010 891 3071 neque
911 2990 1080 3053 honestum
1100 3012 1171 3054 esse

160 3072 406 3138 existimandum
428 3072 537 3156 sit-(pl
559 3071 631 3136 181.
652 3071 694 3134 A.
717 3071 813 3154 sqq).
840 3071 969 3153 Quibus
990 3074 1039 3136 ita
1057 3073 1171 3157 dispu-

135 3157 233 3222 'tatis
254 3157 418 3245 vulgarem
436 3158 577 3222 amorem
598 3153 646 3218 ait-
662 3155 822 3240 pertinere
842 3157 884 3220 ad
905 3157 1054 3222 mulieres
1073 3170 1171 3242 atqua

160 3252 360 3308 venustatam
380 3263 555 3328 corpormn,
577 3240 720 3322 adeoque
742 3241 834 3322 quasi
852 3242 934 3307 forte
946 3243 1074 3308 fortuna
1087 3264 1169 3329 opus

161 3350 253 3394 suum
272 3349 439 3415 peragere3
467 3326 512 3390 ita
532 3335 578 3403 ut,
607 3325 634 3390 si
654 3346 718 3409 qua
738 3325 782 3388 sit
802 3327 870 3391 eius
891 3327 963 3391 laus
984 3328 1168 3412 atqua'vir·

160 3426 222 3492 tus,
244 3436 284 3479 ea
305 3423 370 3479 tota
390 3434 431 3477 ex
451 3411 581 3475 fortuito
601 3409 741 3496 pendeat
761 3410 810 3496 (p.
826 3413 895 3476 181.
916 3412 956 3477 Β.
971 3410 1041 3499 (l)-
1060 3411 1169 3481 Alium

161 3521 231 3565 esse
255 3498 410 3563 rationem
431 3495 575 3562 coelestis
597 3494 724 3572 amoris,
754 3496 812 3579 qui
839 3520 912 3561 cum
926 3521 1045 3566 amore
1072 3500 1168 3564 muli.

163 3583 230 3648 ebri
250 3583 330 3648 nihil
350 3582 466 3648 habeat
485 3580 665 3646 commercii
687 3580 843 3666 planeque
864 3580 944 3647 liber
965 3596 996 3648 et
1016 3584 1168 3650 immunis

164 3669 205 3732 sit
222 3692 243 3734 a
262 3668 443 3754 cupiditatis
463 3666 640 3753 petulantia
655 3665 786 3752 (ὕβρεως
801 3667 949 3754 ἄμοιρος).
971 3670 1069 3735 Hunc
1091 3690 1168 3733 vero

165 3751 219 3834 qui
240 3752 352 3830 colant,
381 3776 435 3819 eos
457 3751 569 3819 sectari
590 3774 670 3816 unos
692 3752 916 3829 adolescentes,
945 3755 1062 3840 quippe
1089 3776 1165 3838 pru-

199 3957 228 4022 *)
252 3958 402 4017 Gravissima
417 3928 493 4025 igitur
510 3924 574 4026 lapsi
589 3926 659 4022 aaut,
675 3963 717 4024 qui
735 3930 845 4012 Phaedri
863 3963 977 4011 oratione
995 3967 1113 4023 putarunt
1132 3959 1167 4008 es-

249 4026 398 4079 frenat-mm
415 4031 554 4082 lubidinem
570 4030 737 4096 puericiam
755 4038 896 4095 susceptum
915 4043 976 4082 esse,
