2604 4620
186 280 252 339 2²4
570 276 822 338 nunonis

184 452 324 516 ἄνωθεν
363 451 494 532 deuito,
543 449 649 536 ὥςπερ
693 456 725 515 οἱ
769 446 1012 515 δωδεκάσκυτοι
1052 463 1206 540 σηαῑραι,

186 554 337 630 ποικίλη,
358 546 510 634 χρώμασι
535 552 762 635 διειλημμένη,
789 540 837 614 ὧν
855 553 911 615 καὶ
937 547 980 615 τὰ
1008 550 1138 620 ἐνθάδε
1163 553 1207 622 εἶ-

135 668 161 727 c
188 678 244 717 ναι
268 647 429 735 χρώματα
455 647 560 735 ὥςπερ
586 654 756 734 δείγματα,
778 650 830 726 οἷς
856 647 897 730 δη
924 657 956 717 οἱ
981 666 1124 740 γραφεῖς
1148 680 1207 720 κα·

186 755 387 838 ragusinum.
413 758 477 816 ἐκεῖ
502 753 536 815 δέ
563 753 679 816 πᾶσαν
704 748 767 832 την
790 754 855 833 γῆν
881 758 916 815 iz
942 753 1106 819 τοιούτων
1122 743 1206 821 εἶναι
1243 779 1247 784 ’

185 878 239 918 και
274 853 361 918 πολὺ
395 858 443 916 ἔτι
477 859 512 916 εκ
548 855 786 938 λαμπροτέραν
818 854 873 916 καὶ
905 852 1205 940 καθαρωτέρονῆ

187 951 335 1018 τούτων·
370 948 431 1030 τὴν
456 954 518 1033 μὲν
544 949 610 1035 γὰρ
633 951 781 1036 ἁλονργῆ
808 951 893 1019 εἶναι
916 956 971 1017 καὶ
999 952 1205 1039 θαυμαστὴν

187 1050 225 1118 ro
250 1052 399 1128 κάλλος,
415 1049 478 1130 την
504 1055 539 1116 δὲ
560 1057 755 1138 χρυσοειδῆ,
784 1050 848 1134 τὴν
873 1055 907 1118 δὲ
934 1050 1000 1134 ὅση
1026 1052 1125 1136 λευκὴ
1147 1052 1204 1139 μί

188 1174 260 1242 soon
290 1149 310 1232 ι’,
334 1149 452 1237 χιόνος
476 1155 683 1240 λευκοτέραν,
707 1158 762 1219 καὶ
790 1161 826 1219 ἐκ
853 1155 921 1218 τῶν
947 1152 1059 1220 ἄλλον
1069 1154 1205 1240 χρωμά-

188 1279 254 1317 rou
281 1253 490 1336 ξυγκειμένην
515 1249 671 1331 &garitae
692 1258 748 1320 καὶ
775 1261 820 1321 ἔτι
846 1249 1007 1319 πλειόνων
1041 1258 1097 1319 καὶ
1124 1261 1205 1321 καλ-

187 1348 347 1434 λιόνωνῆ
377 1351 439 1420 ὅσα
464 1349 559 1439 ἡμεῖς
585 1351 786 1442 ἑωράκαμεν.
812 1358 868 1421 καὶ
891 1351 957 1443 γὰρ
976 1349 1065 1418 αὐτὰ
1092 1357 1202 1420 ἰοῦσα

188 1580 235 1642 την
255 1585 352 1648 ostien.
388 1581 537 1632 Pronomen
556 1588 617 1647 post
635 1585 721 1647 θιῷιο
739 1588 838 1647 ponunt
856 1581 932 1632 Bodi.
949 1581 1030 1634 Coisi.
1048 1538 1107 1634 iat.
1125 1581 1200 1631 vind.

191 1653 256 1702 ΥΦ.
277 1652 336 1702 Par.
355 1650 390 1700 G.
409 1651 497 1703 Anrbr.
517 1650 586 1701 Fior.
606 1651 622 1699 d
653 1651 732 1711 zue,
752 1659 778 1699 et
796 1652 831 1699 ita
849 1651 952 1716 scripsit
969 1649 1113 1703 Bekkerus.
1144 1650 1202 1712 Ego

188 1718 362 1769 (mittendam
389 1722 479 1770 censui
505 1735 564 1769 cnm
591 1719 661 1770 Tub.
689 1723 800 1784 August.
830 1719 894 1770 Ven.
918 1720 954 1768 A.
978 1718 1038 1770 Par.
1057 1719 1202 1781 cinnii„

192 1788 258 1840 i'en.
278 1789 315 1842 11.
333 1788 407 1842 Fior.
426 1805 449 1840 a.
467 1789 493 1842 b.
514 1789 529 1838 i.
547 1804 582 1838 ιιι.
601 1788 727 1837 Stobaeo.
761 1787 846 1838 Eieeit
867 1789 945 1838 etiam
961 1785 1099 1837 Heindorf.

255 1890 407 1952 ποικίλη,
424 1887 574 1957 χρώμασι
592 1889 704 1950 deul]
730 1889 857 1946 ποικίλοις
875 1908 919 1954 χρ.
936 1888 997 1939 Par.
1018 1888 1043 1940 1.
1060 1894 1089 1939 et
1105 1889 1203 1945 Euaeb.

186 1959 314 2024 proirante
338 1959 501 2008 Heindoriio.
529 1960 633 2022 ποικίλη
655 1956 775 2024 χρώμασι
799 1974 853 2008 om.
880 1958 961 2009 Coial.
988 1958 1048 2009 Par.
1065 1957 1101 2009 G.
1134 1957 1200 2008 b'ibii

123 2026 127 2031 '
187 2028 338 2078 mutandum
357 2027 473 2088 ridetur,
492 2026 698 2091 quandoquidem
717 2027 835 2076 vocabuli
852 2026 953 2090 ποικίλη
970 2027 1042 2076 nobo
1058 2026 1201 2076 aoeumtius

187 2095 280 2146 deinde
307 2094 453 2145 declaratur
478 2096 579 2147 verbis:
603 2093 723 2162 χρώμασι
750 2095 915 2158 διειλημμένη
937 2114 961 2144 ιι.
988 2114 1012 2144 τ.
1039 2094 1063 2149 λ.
1103 2095 1201 2146 Deinde

186 2164 266 2214 Coisl.
286 2162 346 2213 Par.
364 2163 399 2212 G.
416 2164 518 2213 inverso
537 2163 626 2213 ordine
641 2161 768 2228 χρώματα
785 2163 861 2215 εἶναι.

256 2264 286 2317 C.
321 2260 470 2330 ἁλουργῆ
491 2263 593 2329 εἶναι]
619 2262 846 2329 ἆλοιιργῆνῦοἰοΙ.
865 2263 927 2316 Par.
946 2261 1011 2313 GL.
1048 2263 1200 2316 Proximum

184 2332 227 2384 κιιλ
245 2349 296 2386 om.
315 2332 396 2384 Coisi.
415 2332 478 2384 Van.
497 2333 533 2386 A.
552 2333 614 2386 Par.
633 2333 776 2387 cuflln.
797 2333 869 2386 Fior.
887 2349 911 2385 a
929 2332 955 2382 b.
974 2346 997 2385 c.
1014 2331 1031 2384 i.
1051 2347 1089 2386 ιιι.

717 2501 793 2556 Cous.
822 2502 900 2553 etiam
928 2499 1104 2554 Hermann.
1132 2503 1200 2557 Hist.

184 2509 269 2553 terrae
294 2503 415 2568 regiones
434 2502 599 2568 philosophus
616 2502 665 2554 boc

184 2572 285 2623 nomine
304 2587 350 2621 nec
369 2572 452 2636 potuit
469 2573 599 2637 appeliare
618 2588 665 2624 nec

185 2653 292 2702 usquam
324 2640 469 2703 appellarit.
514 2641 569 2690 nna
598 2641 665 2689 ratio

185 2713 225 2756 est
248 2721 273 2769 p.
298 2706 355 2758 109.
379 2707 410 2758 Β,
439 2713 466 2756 et
491 2723 515 2771 ρ.
542 2705 599 2759 110.
623 2707 684 2771 E.,·

184 2774 227 2823 ubi
257 2770 271 2834 ἦ
300 2778 333 2838 γῆ
364 2771 429 2837 αὕτη
464 2781 536 2825 recte
565 2775 665 2839 dicitur,

183 2841 241 2905 quia
257 2848 324 2891 terra
343 2842 399 2907 ipsa
418 2844 557 2908 opponitur
576 2844 666 2902 iisire-

84 2936 116 2987 ἱ·
183 2911 241 2974 bus,
257 2925 323 2975 quae
336 2917 412 2962 antea
425 2920 586 2963 memoratae
599 2919 667 2964 sunt.

182 2978 272 3044 Neque
298 2980 364 3031 inter
393 2979 497 3032 codices
526 2983 668 3032 manuscri-

182 3053 258 3114 ptos,
284 3049 326 3113 qni
345 3049 456 3115 niurimi
480 3051 567 3101 colisti
598 3057 666 3113 sunt,

180 3125 300 3181 repertus
318 3124 368 3180 est,
386 3119 428 3183 qni
446 3119 599 3183 scripturam
614 3118 666 3168 [iu-

181 3186 245 3236 sebii
265 3187 436 3239 confirmaret.

216 3253 456 3311 ιίκιςοῖνοιθεν
476 3255 608 3323 Oreine]
639 3255 667 3305 si

181 3321 256 3384 quis
283 3336 351 3371 earn
378 3321 537 3389 desuper,
568 3325 598 3373 in
622 3325 665 3374 ai-

181 3391 269 3438 tiore
289 3391 364 3439 ioco
381 3393 591 3454 collocatus,
616 3392 661 3442 in·

181 3463 332 3519 tuentur,
357 3457 485 3510 dicitur
508 3461 566 3511 iiia
592 3475 664 3525 spe-

179 3525 262 3574 ciem
309 3524 426 3577 babere
469 3529 611 3593 piinrum
649 3544 664 3579 e

180 3592 357 3644 duodecim
376 3590 663 3660 berticuiisscor-

178 3662 244 3712 teis
270 3665 545 3728 compositarum.
581 3663 663 3714 Reie-

178 3729 257 3781 renda
285 3729 345 3782 baec
368 3732 488 3782 videntur
517 3733 551 3782 ad
580 3731 662 3782 dode-

178 3799 313 3864 caedrum,
331 3800 371 3851 cui
391 3801 466 3851 Pluto
487 3799 574 3850 mnndi
592 3800 661 3864 figu-

178 3883 232 3919 ram
256 3869 424 3934 comparavit.
449 3884 473 3918 v.
493 3867 660 3933 Wyttenb.

175 3936 207 3987 ad
228 3936 248 3987 b.
268 3939 300 3998 i.‚
324 3938 369 4001 qui
395 3937 461 3987 inter
479 3935 527 3986 alia
545 3933 661 3985 ostendit

174 4002 222 4054 hoc
249 4004 413 4070 Pythagorae
443 4016 565 4055 arcanum
590 4005 660 4052 testa

173 4069 360 4124 Iamblicho
382 4073 429 4126 vit.
448 4068 557 4139 Pytbag.
576 4066 597 4132 §.
614 4067 658 4124 89.

172 4137 205 4189 ab
244 4137 363 4205 Hippana
400 4154 459 4193 esse
501 4139 658 4206 evulgatum.

717 2571 782 2623 Pbib
803 2571 871 2622 Piat
888 2569 908 2623 1.
928 2585 954 2635 p.
970 2568 1029 2624 687.
1049 2585 1105 2624 anu.
1125 2570 1184 2625 034.

752 2673 782 2722 C.
818 2671 1028 2723 αὗτὰκικῦτιι
1045 2671 1201 2722 τὰκοῖλιι

716 2740 839 2809 αὐτῆς]
883 2743 963 2793 ilias
994 2742 1089 2806 ipsas
1125 2743 1200 2810 eins

717 2826 898 2873 cavernas,
922 2826 989 2875 quas
1005 2814 1080 2860 antea
1096 2823 1198 2860 mcmo·

717 2895 781 2930 rari.

752 2949 936 3012 στίλβοντα
959 2975 993 2986 -
1019 2946 1195 3013 ποικιλίᾳ]

717 3016 863 3067 nitentia
900 3022 934 3067 et
971 3015 1134 3081 fulgentia
1169 3017 1197 3065 iu

717 3091 908 3135 ceterorum
952 3086 1107 3135 colorum
1148 3099 1198 3133 ra-

716 3153 849 3204 rietate.
868 3153 936 3203 Male
956 3153 1115 3218 biudgius
1133 3154 1197 3203 coui.

716 3223 743 3271 ἰν
761 3227 793 3285 τῇ
812 3227 862 3270 τῶν
880 3221 933 3270 ἅνω
947 3238 1031 3284 χρωμ.

751 3322 782 3374 D.
800 3321 930 3382 ξυνεχὲς
949 3319 1100 3368 ποικίλον
1121 3337 1198 3380 φαν-

714 3388 894 3455 τάζεσθαι]
931 3386 1002 3437 Libri
1022 3384 1127 3434 Eusebii
1151 3383 1196 3432 ba—

714 3460 777 3510 bent
798 3460 894 3520 ξυνεχὲς
914 3453 956 3504 καλ
978 3453 1100 3500 ποικίλον.
1137 3448 1197 3500 Qun

715 3543 767 3577 non
783 3542 849 3593 opus
872 3529 920 3575 eat.
954 3519 1020 3572 Nam
1044 3519 1117 3582 piura
1142 3519 1198 3581 epi-

715 3594 785 3646 theta
809 3596 844 3645 ita
865 3591 908 3642 uui
932 3586 1028 3638 nomini
1049 3599 1098 3633 non
1118 3585 1197 3635 iuter-

715 3663 825 3714 cedentc
837 3660 930 3726 copula
942 3653 1046 3718 adiungi
1059 3652 1091 3704 ad
1101 3653 1197 3719 Remp.

713 3731 737 3782 li
767 3747 792 3797 p.
810 3729 868 3782 350.
887 3727 918 3778 D.
936 3722 1089 3774 monuimus.
1127 3722 1196 3772 Con-

713 3796 928 3849 seruntur‘etiam
956 3789 1064 3855 Protag.
1087 3807 1111 3854 p.
1137 3790 1195 3845 345.

713 3867 742 3916 C.
764 3866 845 3932 Legg.
880 3861 941 3916 873.
977 3860 1006 3909 C.
1043 3857 1196 3924 Xenopb.

712 3934 791 3985 Mem.
811 3929 941 3995 1.4,21.
968 3929 1053 3993 ibique
1073 3929 1196 3979 Borne-

712 4015 812 4051 mann.
843 4000 883 4053 ed.
910 4000 971 4051 inin.
1000 3998 1074 4063 Lips.
1103 4013 1127 4061 p.
1153 3995 1199 4064 tt:

710 4067 878 4122 Matthiae
897 4071 946 4122 Gr.
965 4067 988 4133 §.
1006 4065 1083 4130 444„
1101 4065 1142 4130 qui
1163 4079 1195 4114 ex

711 4137 775 4190 eolis
802 4140 889 4205 poetis
918 4139 944 4191 id
973 4151 1055 4204 genus
1078 4134 1196 4199 exempla
