2604 4620
139 162 251 209 Lxxvl
507 156 773 207 Phocaeorum

138 312 290 401 vestigia,
323 332 406 395 qnae
434 311 530 375 ctiam
549 310 596 413 .i.¹¹
622 307 865 408 Xenophonteo
895 304 924 375 S
990 302 1092 397 posin
1113 332 1148 377 u·

136 420 251 547 pqessa
281 405 392 460 extare
423 394 631 544 prohabrhter
660 394 770 459 docuit
796 392 915 459 Welc
960 417 1064 462 erus
1089 392 1149 461 Nu.

175 506 224 547 us.
244 480 347 545 Rhen.
365 479 408 545 V.
443 503 505 566 .p.
520 481 582 546 504
602 502 671 565 sqq.
706 478 829 545 Verum
853 478 925 544 ista
954 480 1100 565 quidem
1121 480 1153 545 ru'

137 565 342 631 excusatione
362 586 402 630 ne
423 587 504 650 opus
526 564 657 651 quidem
677 573 736 629 est.
774 560 945 629 Convenit
970 564 1067 631 enim
1086 564 1153 631 Pau
1183 572 1188 581 '

138 652 245 715 saniae
256 648 413 715 Platonici
424 650 580 715 sententia
594 649 689 713 etiam
704 645 829 712 Socrati
842 647 1065 733 planissime,
1079 672 1155 737 qun

138 735 217 800 satis
228 745 352 811 constat
361 735 519 813 docuisse,
530 756 627 800 unam
638 733 836 817 eandemque
846 754 921 798 rem
936 733 1064 822 utique
1078 756 1156 823 pont

137 842 197 905 pro
210 842 315 886 rcrum
330 830 362 886 et
375 820 591 885 conditionum
604 818 788 884 diversitate
804 827 836 882 et
849 818 981 885 malam
997 829 1036 886 et
1057 820 1157 887 Ιιοιιιιιι

138 904 284 970 existere.
303 902 369 968 Sed
382 926 573 988 quamquam
587 904 724 969 invidiae
738 902 1025 971 etaemulationis
1037 904 1158 993 vesu'g'a

136 990 223 1054 nulla
237 1010 391 1074 apparere
411 988 570 1066 videntur,
591 999 707 1065 tamen,
730 987 757 1052 si
773 987 846 1071 quis
862 987 1016 1055 alterum
1033 990 1158 1077 scripto·

136 1097 204 1139 rem
218 1073 347 1139 alterius
360 1072 477 1137 librum
492 1074 532 1139 ob
547 1073 655 1138 oculos
669 1071 820 1137 habuisse
835 1072 998 1154 affirmet,
1025 1097 1089 1141 nos
1102 1074 1159 1161 qui·

137 1159 210 1223 dem
223 1181 288 1223 non
305 1158 440 1222 multum
454 1157 688 1223 reluctabimur.
710 1157 814 1222 Multa
831 1156 921 1221 enim
939 1158 980 1223 in
998 1160 1160 1245 utriusque

137 1266 234 1344 opere
254 1243 469 1320 inveniuntur,
490 1265 582 1327 quae,
604 1242 666 1307 nisi
687 1243 767 1307 alter
786 1243 925 1307 alterum
948 1245 1160 1331 respexisset,

138 1352 193 1393 v1x
214 1329 372 1413 potuisset
397 1327 477 1406 ficri,
505 1339 541 1392 ut
568 1328 607 1393 ab
634 1326 790 1393 ambobus
817 1342 1160 1396 commemorarentur.

136 1413 251 1496 Itaque
274 1434 335 1500 ego
355 1413 390 1476 in
412 1435 450 1477 ea
472 1413 628 1478 sententia
650 1436 731 1490 sum,
752 1423 790 1475 ut
810 1422 996 1497 utrumque
1021 1411 1160 1481 Socratis

140 1497 280 1582 speciem
300 1507 332 1561 et
352 1497 524 1586 imaginem
547 1520 604 1563 suo
631 1518 719 1562 more
745 1496 938 1562 informasse
970 1500 1160 1577 existimem,

136 1584 323 1648 alterutrum
343 1593 450 1649 autem
470 1583 600 1648 alterius
620 1582 736 1648 librum
759 1581 805 1647 sic
820 1580 860 1645 ob
874 1582 997 1649 oculos
1013 1584 1159 1652 habuisse

138 1668 277 1746 credam,
305 1677 343 1732 nt
369 1667 520 1733 nonnulla
544 1668 620 1733 inde
645 1668 679 1732 in
709 1689 802 1731 sunm
830 1688 913 1751 opus
943 1668 1155 1746 transtulerit,

136 1753 203 1817 sive
223 1752 259 1816 id
279 1773 356 1817 casu
377 1752 498 1818 factum
519 1774 588 1818 esse
610 1752 764 1828 dicamus,
792 1749 953 1835 siquidem
987 1776 1033 1820 ea
1056 1778 1097 1821 ex
1112 1776 1152 1819 re·

136 1837 221 1902 centi
242 1837 377 1904 lectione
397 1838 432 1902 in
452 1839 613 1904 memoria‘
624 1837 755 1902 haerere
776 1846 966 1935 potuerunt,
999 1840 1078 1907 sive
1091 1838 1146 1903 idea

138 1922 184 1986 sic
204 1922 384 1987 institutum
405 1933 465 2000 est,
492 1933 528 1986 ut
555 1923 595 1987 ab
621 1931 753 2005 utroque
779 1944 814 1983 1n
843 1920 941 1987 simili
963 1932 1142 2013 argument

136 2005 333 2071 elaboratum
362 2028 432 2071 esse
458 2006 499 2071 ab
532 2006 680 2072 omnibus
708 2005 1041 2075 animadverteretur.
1086 2008 1146 2075 Ute

137 2100 242 2154 autem
263 2100 372 2153 utrum
393 2090 578 2177 respexerit,
607 2090 712 2155 adhuc
735 2091 794 2156 sub
815 2090 923 2155 iudice
945 2092 991 2158 lis
1018 2105 1082 2175 est,
1106 2114 1150 2159 uc·

136 2197 199 2259 que
227 2173 354 2238 videtur
381 2197 434 2239 res
460 2176 502 2240 ad
529 2176 614 2240 hunc
640 2198 740 2259 usque
769 2175 853 2240 diem
874 2175 980 2242 dubia
1005 2190 1043 2245 et
1063 2198 1153 2265 nuper

136 2280 263 2344 quoque
284 2259 447 2325 acerrimis
469 2260 691 2326 controversiis
706 2260 826 2347 agitata
840 2259 884 2323 ita
899 2259 1044 2330 decerni
1058 2284 1152 2351 poste,

137 2355 172 2408 ut
194 2344 272 2429 quid
292 2367 351 2430 pro
372 2368 448 2410 vero
469 2346 670 2430 probandum
692 2345 743 2425 sit,
766 2346 851 2410 omni
874 2367 915 2411 cx
931 2358 1036 2431 parte
1051 2350 1152 2437 exple·

137 2441 242 2494 ratum
263 2428 464 2515 habeatur*).

171 2686 198 2751 *)
224 2688 275 2738 Res
297 2703 377 2752 nuper
399 2689 501 2737 demum
522 2687 658 2740 acrioribus
681 2690 769 2739 studiis
791 2705 875 2739 rursus
896 2689 924 2738 in
943 2691 1142 2758 disceptationem

220 2764 311 2808 vocata
327 2765 372 2807 est.
401 2755 468 2807 Nam
485 2755 515 2807 O.
531 2758 580 2807 Fr.
595 2756 804 2818 Hermannus,
821 2772 900 2821 quum
916 2759 944 2806 in
963 2758 1143 2811 Indiuituahe-

220 2826 341 2886 ctiouum,
359 2826 486 2887 Marburg.
499 2841 522 2873 a.
538 2829 711 2876 lemmata.
730 2832 753 2875 4.
766 2827 833 2884 mai,
846 2827 984 2876 ostendere
999 2835 1100 2879 conatus
1109 2840 1146 2875 es-

220 2902 265 2956 set,
277 2893 475 2958 Xenophontem
489 2895 523 2943 ad
530 2893 645 2943 Platonis
655 2893 817 2957 symposium
826 2893 968 2956 respexisse
988 2905 1021 2947 ut
1029 2892 1149 2961 priusedi·

220 2974 282 3025 tum,
305 2963 460 3012 adversarius
478 2962 501 3011 ei
518 2961 602 3011 extitit
618 2962 652 3012 rh
669 2961 691 3010 Ι.
708 2964 738 3013 F.
751 2961 1010 3024 Hearichsenius
1029 2964 1150 3027 Fleuopt·

219 3033 313 3082 litauua
331 3032 357 3081 in
370 3031 556 3082 dissertatione:
573 3031 619 3083 De
636 3031 773 3081 consilio
791 3038 821 3079 ct
839 3035 906 3078 arte
924 3028 1086 3082 Convivii
1099 3030 1151 3083 Xe·

220 3101 399 3163 nophoutei
417 3101 548 3163 eiusque
565 3099 809 3149 cumPlatonicc
827 3097 1084 3151 necessitudine.
1099 3098 1151 3151 rra

220 3167 318 3228 ncpcli,
332 3174 405 3217 1840.
423 3173 456 3226 t,
474 3169 516 3231 qui
527 3168 728 3232 Xenophontem
743 3167 852 3231 priorem
869 3164 1000 3228 scripsisse
1020 3166 1151 3225 oontmffit

223 3233 266 3278 sed
283 3233 389 3283 altorum
407 3236 554 3298 scriptorem
566 3237 597 3285 ab
609 3236 689 3284 altero
703 3240 871 3299 respectatum
883 3247 937 3282 esse
950 3236 1062 3285 omnino
1074 3240 1149 3299 negat»

222 3296 271 3344 Cui
287 3301 417 3361 respondit
428 3300 627 3352 Hermannus
644 3303 672 3352 in
683 3302 811 3352 Indicibus
822 3302 903 3350 Lectt
922 3302 1059 3367 Marburg.
1072 3302 1151 3353 scatit

223 3378 246 3410 a.
270 3368 351 3424 1841,
374 3367 402 3415 in
418 3381 469 3429 quo
486 3368 550 3416 libro
572 3371 703 3430 pristinam
725 3370 876 3421 seutentiam
898 3383 971 3417 suam
994 3370 1114 3423 defendit
1132 3374 1155 3419 tt

224 3428 315 3477 clarius
337 3434 490 3494 explicatam
512 3434 634 3497 exhihuit,
655 3439 691 3488 ita
713 3440 822 3502 quidem,
845 3444 874 3486 ut
896 3437 975 3484 etiam
997 3440 1095 3490 certius
1115 3439 1155 3489 de·

224 3500 406 3558 monstraverit,
429 3501 499 3561 quod
520 3501 565 3547 vix
587 3505 719 3567 quisquam
736 3515 811 3556 antea
827 3504 977 3568 negavisset,
1001 3506 1080 3556 alteri
1096 3506 1156 3557 alte·

224 3565 275 3614 rius
293 3563 386 3612 librum
397 3566 456 3614 sine
475 3567 550 3615 dubio
569 3570 602 3617 ob
620 3574 708 3622 oculos
724 3583 851 3624 versatum
863 3587 925 3633 esse,
943 3572 1065 3636 adeoque
1076 3573 1156 3638 suspi-

223 3640 294 3682 catus
312 3633 344 3682 sit
356 3628 393 3695 (p.
405 3629 466 3693 VI.)
484 3634 680 3697 Xenophontem
698 3639 804 3691 fortasse
817 3649 905 3691 contra
921 3641 1007 3702 ipsum
1018 3642 1157 3707 Platonem

223 3702 336 3764 magistri
354 3701 392 3750 sui
409 3701 558 3750 memoriam
575 3706 639 3752 tueri
655 3707 772 3770 voluisse,
796 3724 871 3771 quem
894 3723 972 3772 quum
994 3709 1058 3759 huic
1075 3711 1158 3760 multa

224 3772 338 3822 tribuisse
361 3769 527 3829 existimaret,
556 3785 620 3832 quae
642 3773 770 3835 Socrates,
798 3776 879 3837 qualis
905 3777 932 3825 iu
952 3776 1007 3826 vita
1029 3793 1080 3829 sua
1101 3778 1158 3835 tuit,

224 3856 362 3904 numquam
380 3837 490 3888 dicturus
508 3836 650 3888 facturusve
667 3841 745 3891 luisse
761 3843 893 3905 videretur,
915 3846 998 3907 ipsum
1017 3847 1158 3897 verisimile

225 3925 278 3960 csse
296 3910 363 3960 illins
376 3907 499 3958 Convivia
517 3921 590 3955 suum
608 3909 764 3975 opposuisse,
783 3923 833 3970 quo
853 3913 1003 3975 ostenderet,
1022 3916 1157 3978 quomodo

224 3978 291 4028 fictio
311 3985 455 4043 comparatu
473 3990 525 4026 csse
544 3975 674 4035 debuisset,
693 3976 713 4026 si
730 3976 805 4026 Plato
823 3980 862 4029 vel
880 3981 990 4031 maxime
1002 3984 1157 4048 magistrum
