2604 4620
505 258 554 303 AD
577 255 792 307 amomum.
1064 259 1155 307 XLIII

148 408 276 474 modum
295 407 454 496 neglexit?
475 383 596 493 Itaque
610 404 702 475 nobis
721 407 849 508 quidem
868 409 964 495 longe
977 419 1027 474 est
1040 409 1153 475 verisi-

149 491 682 578 millimumcrationeEryximaohi
692 491 1155 581 Hippiaerationemacdisoi-

129 600 130 615 ¹
147 578 266 664 plinam
279 578 406 664 oblique
421 601 458 643 ca
497 576 509 640 i
528 591 560 642 et
574 578 686 657 notari,
709 578 974 662 quemadmodum
988 578 1083 642 etiam
1097 568 1152 642 su!
1189 630 1191 635 ⁴

147 663 324 748 periorlnus
343 662 480 737 crationi
503 685 541 727 us
564 662 663 728 simile
683 661 836 746 quiddam
857 663 927 728 fieri
940 662 1151 735 meminimus.

189 744 341 832 Sequitur
361 747 471 813 ordine
493 746 642 834 deinceps
663 746 886 833 Aristophanis
907 746 1017 812 oratio.
1043 744 1154 828 Quem
1242 798 1244 802 ,

143 833 275 916 quidem
295 832 387 897 Plato
416 853 481 895 non
507 841 544 896 ut
570 831 755 932 disciplinae
774 831 907 897 alicuius
928 836 1154 897 assecutorem

145 916 339 995 informavit,
367 916 424 982 sed
444 915 627 1000 loquentem
647 916 774 984 induxit
793 927 830 983 ut
851 915 1005 983 comicum
1026 922 1154 1001 poetam

145 1003 287 1067 facetum
320 1012 352 1067 et
382 1001 591 1089 ingeniosum.
636 998 863 1083 Quamobrem¹
879 1001 974 1065 etiam
1000 1023 1181 1102 perquam¹

145 1096 219 1172 apte
240 1085 286 1150 ita
307 1095 357 1151 est
375 1085 563 1164 institutum,
586 1098 621 1149 ut
641 1084 864 1171 Aristophanis
883 1084 986 1151 oratio
1004 1095 1088 1151 mter
1102 1109 1153 1152 se-

170 1184 233 1236 tem
259 1170 424 1249 orationes,
450 1192 533 1269 quae
559 1170 593 1235 in
618 1166 791 1255 Symposio
815 1167 984 1249 habentur,
1008 1170 1155 1255 »medium

144 1193 250 1321 lhcum
272 1264 388 1334 teneat,
416 1277 494 1340 qmp
556 1276 637 1338 quae
658 1267 722 1320 una
741 1255 847 1322 ualeat
869 1255 911 1319 ad
933 1254 1154 1322 exhilarandos

143 1340 310 1418 convivas,
337 1361 435 1424 quum
462 1361 498 1405 re
512 1339 605 1426 'quae
633 1361 753 1407 omnes·
769 1339 851 1406 serii.
870 1338 1052 1426 argumenti
1079 1339 1153 1406 sint.

142 1423 177 1490 ls
199 1446 274 1491 vero
288 1424 534 1511 disputationem
554 1446 595 1490 ex
607 1425 784 1509 patentiore
797 1425 852 1491 illo
865 1446 989 1511 campo,
1010 1425 1045 1491 in
1058 1446 1154 1509 quem

142 1531 219 1579 eam,
233 1508 468 1593 Eryximaehus
495 1509 657 1588 eduxerat,
685 1532 797 1575 rursus
824 1522 954 1576 revocat
973 1510 1015 1574 ad
1036 1533 1154 1596 gyrum

142 1593 371 1680 angustiorem,
384 1593 640 1677 quandoquidem
661 1592 701 1660 de
722 1593 810 1658 vario
832 1617 948 1671 amore,
969 1617 1034 1660 non
1054 1595 1088 1659 in
1101 1617 1153 1660 re·

142 1700 214 1743 rum
235 1688 357 1755 natura,
381 1677 438 1742 sed
458 1676 542 1742 inter
561 1676 705 1743 homines
726 1687 881 1778 regnante
901 1678 1050 1826 disputat.
1082 1678 1152 1744 De-

141 1762 241 1828 clarat
261 1783 338 1827 vero
357 1761 505 1847 primum,
529 1761 584 1846 qui
604 1761 670 1840 fiat,
692 1772 730 1826 ut
749 1763 810 1827 vrri
828 1761 923 1841 viros,
959 1763 1080 1831 eminae
1102 1763 1152 1828 le-

143 1846 256 1923 minas,
285 1846 423 1931 denique
448 1845 509 1911 viri
530 1846 666 1915 feminas
686 1868 725 1911 ae
745 1846 886 1912 vicissim
906 1859 1022 1924 ament,
1051 1868 1153 1931 quan-

141 1930 314 2016 doquidem
342 1953 406 1997 non
431 1932 525 1997 modo
545 1931 689 1997 homines
711 1930 829 1997 diversi
851 1953 957 2010 sexus,
980 1931 1154 1996 sedetiam

130 2015 287 2082 homines
308 2014 451 2083 eiusdem
472 2015 598 2104 generis
618 2015 756 2083 inter-se
771 2039 877 2082 amare
892 2016 1022 2082 soleant.
1048 2014 1152 2083 Cuius

141 2101 189 2167 rei
210 2122 350 2179 caussas,
377 2100 404 2167 ei
425 2123 536 2167 verum
557 2101 750 2187 quaerimus,
781 2101 882 2190 magis
902 2101 1036 2167 ridicule
1056 2123 1153 2186 quam

142 2209 216 2253 vere
244 2186 398 2272 explicat,
428 2197 465 2251 ut
492 2187 541 2253 dis
565 2186 666 2253 utatio
694 2186 763 2252 eius
789 2187 923 2254 adrem
955 2187 1153 2273 propositam

140 2271 362 2361 illustrandam
387 2211 617 2358 propemodum
642 2270 720 2337 nihil
741 2273 919 2338 conducere
940 2270 1153 2337 existimanda

140 2355 192 2423 sit.
213 2355 284 2422 Nisi
304 2358 386 2423 forte
407 2356 547 2427 comicus
568 2355 687 2423 comice
708 2356 874 2422 exornavit
893 2356 1046 2442 placitum
1065 2354 1151 2421 Em-

140 2440 340 2591 pedoclis,
381 2441 415 2506 ui
436 2451 518 2508 teste
537 2435 765 2507 Aristotele
786 2440 839 2507 De
860 2452 1002 2540 generat.
1023 2440 1150 2507 animal.
1230 2468 1234 2479 ·

159 2575 167 2592 .
192 2528 241 2593 18.
270 2537 432 2593 statuerat
458 2549 568 2591 semen
594 2526 776 2593 animalium
809 2536 935 2610 utrique
965 2524 1057 2591 sexui
1082 2544 1152 2591 esse

138 2632 315 2687 commune,
347 2623 385 2676 ut
410 2634 473 2677 non
496 2622 597 2677 totum
617 2611 658 2677 ab
679 2611 830 2677 alterutro
852 2609 1009 2697 proficisci
1037 2619 1150 2696 putare

139 2695 258 2774 liceret,
279 2698 416 2780 ideoque
437 2696 519 2761 illud
540 2696 743 2784 comparabat
762 2719 835 2762 oum
855 2707 975 2761 tessera
988 2693 1149 2780 hospitali,
1233 2691 1238 2703 '

162 2804 235 2845 uam
260 2791 384 2847 constat
411 2780 452 2846 ab
479 2780 656 2867 hospitibus
683 2782 717 2847 in
737 2780 830 2853 binas
851 2792 959 2867 partes
981 2779 1151 2844 dissectam

137 2802 249 2943 inisse,
271 2876 307 2928 ut
328 2878 463 2948 uterque
484 2866 651 2931 dimidium
672 2867 741 2931 eius
755 2866 922 2951 acciperet.
946 2863 1151 2946 Quamquam

139 2948 226 3011 istud
252 2949 381 3032 quidem
407 2949 442 3012 in
468 2960 569 3014 unum
596 2949 770 3034 ἀνδρόγυνον
792 2948 1018 3034 Aristophanis
1044 2969 1151 3033 genus

138 3033 303 3108 convenit,
330 3033 365 3097 in
397 3031 519 3116 reliqua
545 3055 665 3133 genera
684 3055 747 3098 non
768 3033 924 3110 convenit,
950 3043 987 3097 ut
1006 3032 1150 3116 profecto

142 3115 283 3200 suspicio
302 3117 359 3181 illa
377 3116 506 3183 minime
528 3128 569 3182 s1t
589 3116 782 3183 verisimilis.
815 3113 882 3181 Sed
902 3126 975 3181 utut
996 3116 1057 3181 hoc
1079 3137 1150 3181 sese

139 3199 247 3278 hahet,
268 3200 415 3267 nolumus
436 3201 520 3266 enim
533 3224 601 3267 rem
613 3201 796 3279 decernere,
819 3201 898 3267 illud
910 3200 1073 3285 quideme
1098 3223 1148 3267 er·

138 3297 209 3351 tum
230 3296 289 3363 est,
311 3285 466 3352 comicum
485 3287 565 3352 varii
578 3285 695 3352 amoris
708 3297 814 3351 ortum
827 3286 930 3353 minus
944 3285 1075 3371 pmbab'
1090 3284 1150 3350 ‘ter

137 3371 359 3449 deelaravisse,
388 3382 425 3436 ut
451 3370 512 3436 hae
532 3373 566 3437 in
647 3381 679 3437 te
699 3371 930 3457 propemodum
950 3392 1078 3438 scurrae
1099 3370 1147 3435 fe·

136 3456 277 3522 stivitate
297 3477 375 3521 usus
396 3454 553 3540 videatur.
612 3457 638 3522 's
660 3476 737 3522 vero
757 3479 821 3522 non
844 3457 912 3522 sine
933 3454 1077 3542 specioso
1096 3454 1152 3519 fa·-

139 3541 292 3608 oetiarnm
312 3541 421 3627 lepore
436 3541 598 3628 expositis,
616 3564 761 3608 caussam
780 3541 897 3607 amoris
916 3541 951 3605 in
973 3562 1069 3606 sensu
1088 3561 1145 3603 na·

140 3627 249 3693 turalis
268 3626 464 3714 indigentiae
485 3626 590 3693 inesse
611 3626 782 3704 contendit,
804 3649 869 3710 quo
889 3627 935 3690 ita
953 3625 1020 3703 fiat,
1039 3634 1076 3689 ut
1097 3623 1146 3688 sui

136 3710 273 3795 quisque
300 3711 433 3781 dimidii
449 3712 607 3779 desiderio
634 3734 736 3799 usque
756 3709 1038 3777 -vehementissime
1060 3730 1145 3773 com·

138 3806 310 3863 moveatur.
333 3795 428 3879 Quae
450 3798 605 3864 sententia
625 3797 707 3867 infra
726 3793 893 3865 aSocrete
935 3794 1031 3859 ‚205.
1044 3792 1088 3856 D.
1101 3789 1145 3854 E.

138 3879 212 3945 ideo
234 3880 444 3949 subsannatur
464 3896 497 3949 et
517 3881 771 3968 reprehenditur,
801 3883 875 3967 quia
928 3890 1029 3943 terum
1050 3875 1144 3939 dimi-

136 3963 237 4043 dium,
257 3967 347 4049 quod
358 3968 565 4048 desideretur,
584 3967 680 4035 etiam
693 3967 769 4035 mali
783 3965 935 4052 quiddam
949 3983 1019 4027 esse
1033 3969 1143 4046 possit

138 4041 250 4135 Neque
272 4051 410 4136 profecto
430 4052 555 4121 iniuria.
587 4052 745 4121 Nimirum
770 4053 865 4137 longe
885 4045 1028 4133 protecto
1048 4068 1142 4132 prae-
