2604 4620
515 265 562 310 an
586 264 799 312 srurosruu.
1086 266 1161 313 nvn
1252 232 1256 244 ¹

156 415 280 515 losophi
300 437 401 500 usque
418 417 463 480 da
487 427 536 480 rat
555 427 586 481 et
599 415 812 481 inflammatus
827 426 885 493 est,
910 424 1069 498 tamquam
1085 438 1157 482 sua

156 511 255 565 currit
280 501 440 584 efficitque
463 439 540 578 hoc,
569 511 605 564 ut
631 500 660 566 ei
687 499 856 585 aliquando
884 500 1027 564 satisfieri
1053 504 1157 583 queat.

156 584 290 650 Etenim.
303 586 501 671 philosophia
526 607 624 670 quum
652 587 827 650 secundum
847 585 1012 650 Platonem
1033 606 1099 649 non
1119 585 1160 650 sit

157 680 312 735 certarum
332 671 530 754 quarundam
550 692 656 735 rerum
678 672 843 756 explorata
857 669 998 746 scientia,
1021 669 1077 733 sed
1096 692 1159 735 uno

156 754 286 821 studio
315 755 486 840 sapientiae
513 756 727 833 contineatur,
756 755 797 818 da
822 776 886 838 qua
910 776 945 817 re
971 777 1001 817 v.
1022 752 1158 818 Phaedr.

153 859 186 922 p.
201 838 274 903 276.
288 840 329 903 A.
345 860 415 924 sqq.
437 841 509 906 278.
524 839 568 904 D.
592 837 704 926 Symp.
720 863 753 926 p.
766 840 837 904 204.
849 838 893 902 A.
905 859 974 922 sqq.
996 836 1158 902 Phaedon.

150 946 185 1069 pi
201 925 250 988 64.
263 923 306 987 A.
323 946 390 1008 sqq.
414 921 560 1074 Gorqu.
576 927 647 990 482.
661 927 705 989 A.
721 947 789 1008 sqq.
812 923 864 1022 De
878 922 959 1022 Rep.
974 921 1018 1020 Il.
1034 944 1069 1021 p.
1086 922 1158 987 375.

151 1006 388 1158 attulit
403 1011 485 1159 tt.
506 1008 894 1186 ..tatttssattt
908 1007 1157 1176 attauh

151 1175 249 1240 ralcm
269 1179 426 1260 quendam
446 1179 543 1242 animi
563 1188 684 1244 motum
704 1188 801 1261 atque
815 1177 992 1262 appetitum
1015 1185 1047 1240 et
1065 1177 1157 1275 quasi

150 1260 297 1339 furorem,
319 1283 502 1348 quousque
524 1263 565 1328 ad
586 1263 777 1364 cognitionis
799 1272 830 1328 et
845 1262 994 1326 scientiae
1016 1260 1156 1325 studium
1268 1309 1270 1313 »

150 1345 332 1410 auferamur
357 1369 397 1433 pe
438 1358 574 1432 etuoque
600 1349 726 1414 drvinam
755 1346 896 1413 veritatis
925 1345 1083 1410 desiderio
1104 1368 1155 1410 re·

149 1429 308 1514 pleamur‚
331 1431 402 1496 dein
426 1456 444 1497 e
465 1433 560 1497 etiam
574 1444 686 1509 artem,
708 1454 773 1517 qua
794 1430 957 1508 efficiatur,
979 1441 1016 1496 ut
1037 1430 1079 1493 ad
1100 1453 1153 1495 ea-

147 1536 219 1578 rum
239 1537 344 1580 rerum
365 1517 580 1604 cognitionem
601 1518 738 1601 aliquam
759 1515 924 1603 pervenire
944 1515 1047 1592 liceat,
1074 1537 1154 1599 qua·

149 1620 220 1662 rum
234 1601 525 1687 cognoscendarum
540 1611 635 1684 atque
650 1600 961 1685 contemplandarum
978 1623 1018 1665 cu
1041 1598 1153 1665 iditate

147 1683 271 1747 animus
291 1704 350 1767 pro
371 1686 477 1750 nativa
496 1685 602 1750 indole
625 1708 683 1749 sua
704 1697 816 1769 captus
839 1694 972 1748 tenetur.
1031 1694 1044 1747 t
1064 1683 1153 1748 illum

127 1766 395 1848 ,quidemanimi
421 1770 594 1854 appetitum
619 1768 825 1854 philosophus
846 1788 1007 1832 amorem
1028 1790 1151 1839 nuncu-

148 1850 248 1936 pavit,
276 1851 402 1935 dequo
424 1854 544 1918 dictum
565 1864 613 1919 est
633 1865 740 1931 antea3
770 1864 870 1918 artem
892 1862 998 1916 autem
1020 1853 1049 1916 ci
1072 1864 1151 1917 tam-

147 1957 242 2019 quam
269 1937 432 2022 suppetias
465 1939 619 2004 serentem
652 1938 732 2002 dixit
758 1937 1021 2014 dialecticam,
1055 1958 1151 2019 quam

145 2017 275 2103 quidem
302 2033 335 2085 et
360 2022 463 2121 ipsam
488 2024 590 2088 voluit
616 2022 795 2089 hominibus
822 2021 974 2086 divinitus
1002 2031 1033 2086 et
1059 2021 1150 2104 quasi

144 2105 257 2169 sortito
285 2104 453 2255 obtiprssa
482 2108 576 2174 sicuti
604 2131 645 2174 cx
666 2107 804 2173 Phaedr.
825 2129 858 2192 p.
874 2108 946 2172 249.
968 2102 1005 2170 C.
1028 2127 1096 2190 sqq.
1118 2117 1151 2207 et
1268 2160 1273 2171 .

144 2187 268 2254 Phileb.
282 2193 348 2275 p.1
374 2190 436 2257 .·C.
451 2192 647 2282 intelligitur.
669 2192 777 2258 Huius
798 2215 875 2257 vero
896 2214 1011 2256 munus
1032 2213 1097 2255 non
1116 2214 1150 2255 ιιι
1266 2264 1269 2271 ,

145 2273 207 2336 alia
226 2296 260 2338 re
282 2276 552 2378 magiscernitur,
580 2300 674 2362 quam
696 2280 729 2343 in
750 2301 798 2356 eo,
825 2288 861 2342 ut
888 2277 1010 2341 aditum
1031 2276 1073 2340 ad
1092 2298 1147 2341 as.-

145 2368 254 2424 ternae
274 2371 417 2426 vemtahs
438 2384 589 2449 campum
606 2363 704 2428 veluti
726 2363 848 2448 aperiat
868 2371 900 2424 at
922 2360 1077 2425 sementi
1097 2360 1147 2424 in·
1283 2421 1289 2435 ,

143 2442 232 2508 finito
259 2444 344 2510 illius
373 2447 531 2513 desiderio
556 2457 727 2534 occupatae
756 2468 855 2530 eoque
881 2446 912 2509 la
935 2445 1037 2510 oranti
1066 2455 1146 2509 tarn-

143 2550 238 2612 quam
261 2529 505 2597 instrumentum
527 2533 611 2598 illius
637 2554 674 2598 co
719 2532 875 2596 oscendae
900 2527 1081 2615 suppeditet
1098 2530 1145 2615 (v.

140 2624 268 2698 praeter
285 2614 348 2681 aha
367 2616 505 2683 Phaedr.
526 2642 558 2704 p.
574 2620 646 2682 249.
693 2666 701 2682 .
723 2615 884 2682 Phaedon.
906 2635 939 2699 p.
955 2613 1006 2679 75.
1027 2611 1068 2677 Β.
1090 2636 1153 2677 us·-

141 2719 203 2783 que
217 2698 258 2763 ad
274 2700 374 2765 tas.
396 2701 448 2766 De
459 2702 539 2790 Rep.
552 2702 625 2768 VH.
637 2726 670 2789 p.
682 2702 752 2768 531.
764 2700 809 2766 D.
824 2722 893 2785 sqq.
915 2699 986 2765 534.
1001 2695 1039 2763 C.
1062 2696 1144 2763 Phil.

141 2804 173 2867 p.
190 2785 240 2847 57·
254 2783 294 2847 E.
310 2786 405 2869 sqq).
429 2787 527 2853 Unde
541 2788 729 2874 philosophi,
752 2785 852 2872 quiin
868 2794 998 2849 aeterna
1012 2783 1144 2847 veritate

95 2903 99 2908 ,
141 2870 363 2952 cognoscenda
384 2880 479 2954 atque
494 2873 688 2957 exploranda
699 2873 793 2937 unice
808 2869 955 2954 occupati
970 2877 1054 2943 sunt,
1075 2889 1143 2931 me·

141 2950 202 3013 rito
226 2949 383 3016 habentur
409 2955 610 3021 dialectici
633 2955 748 3043 (Soph.
770 2979 801 3041 p.
823 2954 894 3018 253.
915 2953 955 3014 Ε.
980 2950 1142 3014 Phaedon.

140 3054 171 3117 p.
189 3033 237 3096 65.
252 3034 295 3098 A.
318 3037 368 3100 67.
383 3036 424 3100 Β.
445 3037 496 3102 Dc
510 3039 558 3104 Re
582 3038 648 3103 .V.
664 3062 695 3124 p.
707 3042 780 3104 475.
796 3037 837 3101 Β.
859 3037 931 3100 476.
946 3034 986 3098 Β.
1010 3037 1082 3097 477.
1100 3033 1141 3097 A.

135 3117 214 3180 479.
236 3117 277 3181 A.
307 3119 383 3184 VII.
403 3142 435 3205 p.
459 3123 527 3186 521.
579 3171 586 3187 .
610 3124 680 3188 534.
698 3120 736 3187 Ο.
751 3123 818 3206 ah).
856 3117 1059 3202 Quamquam
1079 3138 1141 3183 non

139 3201 244 3270 nunus
264 3203 349 3268 illius
370 3205 509 3270 officium
522 3207 582 3273 hoc
597 3218 654 3284 est,
677 3206 763 3291 quod
776 3207 810 3270 in
824 3204 1017 3280 disserendo,
1039 3225 1139 3286 quae·

135 3287 254 3366 -rendo,
289 3290 525 3356 sermocinando
558 3303 712 3358 versatur.
757 3289 831 3372 Quo
860 3289 988 3374 quidem
1014 3287 1141 3352 nomine

138 3383 335 3459 quantopere
355 3374 427 3460 ipsa
447 3377 616 3443 amatoriae
643 3376 827 3463 disciplinae
854 3373 1027 3451 inserviat.
1043 3394 1140 3456 quum

137 3457 200 3521 iam
222 3480 320 3543 supra
341 3461 532 3545 explicatum
555 3463 606 3540 sit,
627 3462 688 3527 hcc
707 3462 776 3526 loco
792 3462 896 3525 denuc
910 3458 1069 3544 explicare
1084 3478 1138 3522 su·

138 3565 370 3689 pervacaneum
390 3545 592 3612 arbitramur.
611 3546 708 3611 Hanc
728 3547 828 3636 igitur
841 3555 941 3609 artem
955 3564 1038 3607 unus
1053 3553 1139 3608 tenet
1159 3581 1168 3601 .

165 3639 302 3725 ocrates3
325 3632 422 3694 ceteri
442 3642 582 3697 oratores
603 3632 713 3708 eadem
733 3653 863 3717 prorsus
881 3640 990 3695 carent
1002 3628 1138 3710 ideoque

121 3721 231 3776 enam
251 3714 317 3778 veri
338 3715 454 3781 amoris
475 3717 540 3781 vim
553 3728 761 3801 naturamque
775 3716 903 3780 minime
917 3723 1136 3796 assequuntur,

137 3794 231 3860 immo
251 3821 291 3863 ne
312 3799 395 3865 illius
417 3801 545 3885 quidem
567 3803 682 3866 amoris
703 3801 849 3879 rationes,
872 3799 927 3883 qui
941 3798 997 3862 ini
1022 3820 1057 3860 sa
1071 3794 1136 3858 vita

137 3883 292 3946 communi
314 3897 465 3965 versatur,
495 3888 657 3953 commode
678 3887 807 3953 laudare
829 3885 942 3951 sciunt.
978 3820 1135 3944 llimirnun

137 3964 260 4048 poetica
281 3969 400 4050 pariter
419 3983 514 4056 atque
536 3972 690 4039 rhetorica
704 3970 846 4038 Platonis
863 3965 979 4033 iudicio
1000 3987 1019 4028 a
1039 3984 1134 4027 verae

136 4048 282 4139 scientiae
294 4051 396 4120 -laude
418 4068 465 4123 est
486 4057 687 4137 alienissima,
717 4056 809 4122 sicuti
829 4077 926 4138 quum
953 4047 1038 4126 alibi,
1068 4057 1133 4113 tum
