2604 4620
529 244 577 290 AD
600 242 815 292 srmosmrr.
1062 236 1176 318 lanii}

171 408 225 463 tur
245 418 309 463 non
328 395 457 481 quidem
475 395 511 461 in
524 394 704 461 Pausaniae
725 394 876 461 attributa
896 393 1048 480 oratione,
1071 395 1129 460 sed
1142 394 1177 459 in
1232 432 1244 449 ·

171 505 238 567 ea„
270 504 343 547 uam
362 478 511 555 Phaedro
531 477 711 565 adscripsit,
737 488 775 544 ut
795 480 847 545 vel
868 478 924 558 sio,
946 499 987 543 ne
1008 477 1178 544 Platonem

169 590 244 654 repr
283 567 398 636 endere
424 565 466 632 ab
487 564 634 630 omnibus
661 563 962 651 deprehenderetur,
990 561 1176 713 Xenphon

169 652 367 736 aliquatenus
388 651 516 728 caverit,
545 649 596 716 vel
622 648 715 714 aliter
736 649 891 735 seriptum
910 647 1054 713 Platonis
1102 671 1173 731 ym-

166 737 292 823 posium
312 735 463 800 habuisse
475 733 666 801 iudicandus
688 733 738 814 sit,
760 733 795 798 id
808 732 893 816 quod
907 754 970 820 ego
984 755 1057 797 oum
1070 730 1175 797 Athe-

166 843 247 887 naeo
269 821 387 888 sentire
407 819 525 898 malim,
547 840 643 903 quam
662 817 742 883 haeo
766 841 807 882 ex
829 826 895 883 toto
916 840 936 881 a
957 815 1175 904 Xenophonte

166 904 301 972 oonfiota
328 926 398 970 esse
426 926 498 970 oum
519 904 631 969 eodem
651 900 817 969 Athenaeo
842 923 995 979 asserere,
1021 922 1121 984 quum
1140 902 1175 967 in

132 1022 137 1026 ·
164 988 306 1055 Phaedri
332 989 462 1074 quidem
484 990 626 1055 oratione
652 987 758 1074 palam
782 985 968 1065 habeantur,
1001 987 1059 1051 sed
1083 987 1173 1052 testi·

164 1075 271 1140 monia
292 1085 397 1140 tamen
419 1073 459 1139 de
480 1071 642 1138 Thebanis
664 1073 731 1139 sive
753 1070 885 1137 Boeotis
899 1080 994 1155 atque
1008 1069 1100 1137 Eleis
1114 1072 1173 1136 ad·

165 1158 261 1225 dueta
280 1159 315 1225 iu
336 1158 406 1246 ipsa
418 1157 596 1223 Pausaniae
610 1158 751 1222 oratione
764 1156 945 1244 legantur.*''
967 1154 1061 1222 Haeo
1074 1157 1084 1220 i
1110 1157 1174 1221 'tur

165 1240 393 1309 Cornarius.
405 1241 811 1330 LoousXenophontis
829 1252 877 1306 est
888 1237 1001 1326 Symp.
1013 1178 1139 1305 viliis
1162 1289 1171 1305 .

163 1329 257 1391 καίτοι
272 1327 440 1397 Παυσανίας
454 1327 499 1406 δέ,
515 1323 717 1408 ὁἈγάάιυνυς
730 1332 784 1389 τοῦ
800 1331 924 1410 ποιητοῦ
941 1325 1075 1410 ἐραστής,
1092 1327 1170 1388 ἀπυ-

161 1412 252 1496 λογυύ
294 1435 342 1483 νος
374 1413 447 1498 ὑπὲρ
479 1418 538 1474 τῶν
571 1412 700 1496 ἀκρασίᾳ
724 1408 1013 1557 συένυλινδουμένιυν
1043 1408 1169 1494 εἴρηκεν,

162 1499 204 1565 ὡς
217 1437 452 1583 καάζπράτσυμα
468 1497 672 1578 ἀλκιμώτατον
689 1494 722 1558 ἂν
737 1518 755 1576 γ
772 1517 850 1557 νοιτυ
867 1495 1056 1558 inauriatur
1071 1517 1104 1557 τε
1120 1495 1170 1558 καὶ

162 1580 312 1665 ἐραστῶν·
332 1581 456 1649 τούτους
475 1580 531 1664 γὰρ
548 1579 582 1641 ἀν
599 1577 658 1664 ἔφη
673 1578 790 1642 οἴεσθαι
805 1581 931 1660 μαλιστα
947 1579 1097 1642 αἰδεῖσθαι
1113 1579 1168 1642 ἀλ-

160 1666 268 1747 λήλους
284 1665 469 1727 ἀπολείπειν·
484 1663 646 1746 θαυμαστὰ
659 1661 764 1744 λέγων,
781 1662 856 1744 εἴγε
869 1665 896 1726 οἱ
908 1661 1001 1749 ψόγου
1013 1686 1046 1725 τε
1058 1664 1170 1747 ἀφρον-

161 1751 266 1811 τιστεῖν
287 1750 337 1812 καὶ
353 1749 553 1832 ἀναισχυντεῖν
567 1748 640 1832 πρὸς
655 1747 799 1830 ἀλλήλους
815 1745 991 1830 ἐθιζόμενοι,
1008 1746 1090 1809 οὔτοι
1107 1749 1167 1830 μοί-

160 1833 244 1895 λιστα
259 1832 445 1917 αἰσχ’νυνται
460 1830 579 1915 αἰσχρόν
594 1855 621 1894 τι
631 1834 736 1894 ποιεῖν.
751 1832 799 1894 καὶ
817 1831 963 1915 μαρτύρια
979 1831 1013 1892 δὲ
1026 1830 1167 1914 ἐπήγετο,

160 1919 202 1984 ὡς
220 1922 314 1981 ταῦτα
329 1857 492 1999 ἀννιυκότες
506 1917 564 1980 εἶεν
583 1916 634 1980 καὶ
649 1913 776 2002 Θηβαῖοι
790 1916 839 1978 καὶ
849 1911 975 1978 Ἠλεῖοι.
998 1915 1166 1996 συγκαθεύ-

158 2001 264 2071 δοντας
283 2007 354 2084 γοῦν
375 2002 475 2070 αὐτοῖς
495 2000 577 2085 ὅμως
594 1999 835 2085 παρατάττεσθαι
858 2023 917 2084 εφη
936 2000 974 2062 τὰ
987 1998 1109 2062 παιδικὰ
1125 2001 1167 2070 εἰς

158 2086 206 2148 τὸν
229 2087 340 2168 ἀγῶνα,
363 2086 449 2150 οὐδὲν
471 2091 559 2149 τοῦτο
580 2089 702 2169 σημεῖον
722 2083 816 2167 λέγων
837 2083 955 2167 ὅμοιον·
977 2082 1098 2152 ἐκείνοις
1112 2085 1164 2167 μὲν

156 2170 213 2317 ⁴qiplp
229 2176 323 2320 τυὲιόἑα
337 2170 539 2320 νόμιμαῷἷιμῒῖν
552 2167 937 2320 δὲῐπυιὲείδιστῗὲήὲυἱῐϋυυ
951 2167 1170 2319 νΙινὲξὶεΕυατρὲ

191 2277 253 2319 eun
362 2277 422 2320 uae
487 2277 538 2320 ao
615 2276 759 2320 aeroa
834 2277 868 2318 u1
934 2302 942 2319 .
1030 2277 1150 2320 ..e

861 1997 876 2021 Ὶ

154 2337 347 2406 Pausaniae,
382 2339 510 2406 latonioi
530 2339 632 2406 verba
652 2363 683 2426 p.
701 2342 772 2406 182.
786 2339 827 2403 A.
851 2337 895 2404 Se
927 2339 1077 2487 1primum
1091 2339 1163 2423 qui-

155 2423 228 2489 dem
253 2424 397 2490 mirabile
423 2435 481 2503 est,
528 2424 603 2504 uod,
630 2440 716 2509 quae¹
738 2446 758 2487 a
775 2423 907 2488 Platone
956 2422 1075 2489 haedro
1102 2423 1160 2487 ad-

156 2509 275 2595 scripta
296 2521 380 2590 sunt,
403 2533 441 2576 ea
454 2510 495 2576 ab
548 2532 607 2576 eno
630 2509 724 2574 honte
737 2507 916 2574 Pausaniae
937 2518 1010 2573 sunt
1024 2505 1160 2572 tributa:
1274 2533 1281 2545 ‘

153 2594 239 2660 unde
261 2593 483 2662 Carnarius
505 2618 578 2661 oum
637 2593 804 2658 thenaeo
824 2591 867 2658 V.
889 2615 921 2678 p.
944 2593 1016 2657 216.
1031 2591 1071 2655 Ε.
1088 2614 1160 2656 oon-

152 2677 227 2744 ieoit
246 2679 344 2747 Xeno
367 2679 496 2746 hontem
509 2678 652 2745 Platonis
667 2675 873 2764 Symposium
894 2677 984 2742 aliter
1006 2677 1160 2761 seriptum

152 2762 311 2830 habuisse.
378 2765 471 2830 unde
499 2786 580 2848 quae
600 2763 775 2830 Pausanias
802 2763 842 2827 de
864 2761 995 2828 Boeotis
1017 2771 1051 2827 et
1071 2761 1160 2827 Eleis

152 2846 267 2912 dieitur
287 2850 477 2928 narravisse,
500 2873 611 2915 eorum
631 2849 717 2936 apud
737 2847 904 2913 Platonem
925 2869 984 2912 neo
1005 2848 1078 2912 vola
1098 2869 1159 2910 neo

151 2931 323 3017 vestigium
355 2943 463 3011 extat,
497 2935 584 3020 apud
615 2954 710 3016 quem
734 2932 911 2997 Pausanias
933 2931 1003 2996 hoe
1034 2939 1158 2994 tantum

151 3012 240 3092 dicit,
266 3016 396 3082 differre
418 3018 503 3083 eirea
522 3039 662 3082 amorem
690 3016 852 3082 civitatum
872 3036 988 3092 mores,
1011 3014 1158 3096 adeoque

150 3098 310 3185 improbat
330 3100 481 3166 Eleorum
506 3124 544 3166 ae
566 3099 791 3166 Thebanorum
816 3098 971 3174 instituta,
1000 3108 1158 3182 quatenus

149 3195 285 3273 vergant
312 3187 354 3250 ad
378 3185 561 3250 lubidinem.
593 3184 647 3248 Ex
673 3183 790 3269 quibus
811 3205 1008 3267 consequens
1030 3192 1090 3260 est,
1120 3193 1157 3247 ut

148 3267 333 3356 Xenophon
354 3269 396 3334 ad
415 3269 561 3335 Platonis
584 3267 791 3354 Symposium
811 3267 938 3333 omnino
958 3291 1022 3333 non
1042 3289 1154 3352 respe-
1206 3324 1209 3335 .

147 3355 241 3429 xerit,
253 3356 339 3440 quod
350 3354 447 3422 miror
456 3354 659 3442 praeteriisse
670 3352 754 3419 Car.
766 3352 827 3417 Fr.
838 3352 1154 3438 Hermannum*),

146 3440 202 3524 qui
228 3439 476 3527 Xenophontem
508 3449 616 3505 oenset
645 3438 797 3505 memoria
823 3440 949 3523 lapsum
973 3437 1153 3504 Pausaniae

148 3525 295 3591 tribuisse
317 3528 401 3610 quae
421 3548 441 3589 a
454 3524 589 3591 Platone
602 3524 749 3589 Phaedro
763 3533 871 3589 essent
891 3523 1059 3610 adscripta.
1082 3522 1152 3590 Ve-

146 3633 217 3673 rum
244 3611 307 3674 iam
333 3611 454 3675 dudum
480 3607 708 3675 Boeokhius
734 3608 823 3674 vidit.
866 3608 935 3674 Iam
963 3608 990 3672 si
1012 3608 1150 3693 quaeris,

147 3715 296 3774 quorsum
324 3694 510 3781 Xenophon
536 3695 728 3780 respexerit,
757 3717 820 3758 non
847 3717 975 3778 possum
1004 3694 1151 3776 equidem

145 3775 353 3845 Friderioo
384 3780 613 3853 'Phiersohio
650 3779 798 3844 accedere
836 3770 989 3844 libellum·
1013 3779 1149 3860 aliquem

146 3863 329 3927 amatorium
362 3864 541 3932 Pausaniae
575 3864 718 3931 extitisse
752 3864 965 3939 existimanti,
999 3863 1082 3926 unde
1118 3871 1148 3922 et

179 3999 343 4007 -..--—.-...-

177 4053 418 4120 anaema
