2604 4620
233 252 297 313 aaa
432 202 446 239 '
517 263 520 266 ⁴
597 252 876 317 sunnonis·
963 290 985 341 .-

231 420 277 492 ἂν
308 424 471 512 δυναίμην
503 426 698 513 ἀντιλέγειν,
729 425 804 498 ἀλλ’
843 427 949 507 οὕτως
981 435 1095 515 ἐχέτω,
1128 424 1177 506 ὡς
1201 424 1246 495 σὺ

233 530 343 609 λέγεις.
397 526 444 594 nl
469 533 530 614 μὲν
556 519 617 597 οὖν
642 532 683 623 τῇ
708 526 875 619 ἀληθείᾳ,
913 527 1040 620 privor,
1066 518 1090 594 ὦ
1117 528 1244 618 φιλού-

232 651 307 712 μινε
331 624 496 710 Ἀγάθων,
522 628 662 698 δύνασαι
690 627 889 719 ἀντιλέγειν·
915 633 984 700 tusi
1009 627 1187 720 Σωκράτει
1207 656 1244 717 ys

231 724 330 794 addin
349 725 507 814 χαλεπόν.

300 923 331 974 c.
368 921 410 973 on
430 926 486 987 μι.
504 917 634 1044 assp'v.
658 924 807 993 οιμιιιιι,
827 925 897 991 quoa
915 943 930 978 a
948 925 1166 1001 mannam.
1180 907 1240 982 vat

191 1058 194 1064 Ι
231 1007 256 1056 p.
269 1006 288 1044 r.
308 993 408 1043 correxi
426 1000 551 1058 praeunte
594 995 701 1051 elrlrero.

266 1127 308 1181 Ου’
331 1131 387 1195 μὲν
410 1123 468 1180 οὖν
491 1133 528 1195 τῇ
550 1128 611 1196 dh]
636 1130 659 1182 ll.
683 1146 705 1181 θ.

233 1198 294 1249 imo
322 1213 403 1249 sero
435 1206 550 1269 contra
583 1200 706 1250 verita-

226 1270 300 1318 ‘tem
317 1282 380 1318 rron
399 1275 497 1332 potes
517 1267 706 1334 disputare3

177 1381 180 1387 .
226 1338 722 1404 asmcqntrasooratemqui-·

228 1405 299 1456 deur
317 1405 382 1455 tihi
401 1404 501 1456 facile
519 1413 580 1457 est.
604 1406 705 1472 Sioplr

139 1490 143 1502 ·
227 1464 275 1522 oda
295 1474 408 1539 positum
423 1475 504 1539 Gorg.
517 1492 542 1541 p.
555 1472 614 1528 466:
628 1478 659 1527 Α.
672 1475 702 1528 Ε.

226 1541 380 1608 Euthydem.
402 1559 428 1609 p.
447 1541 505 1598 304.
524 1544 555 1596 Ε.
572 1546 605 1596 al.

260 1679 293 1730 D.
344 1679 552 1742 Μαντινικῆς
593 1678 706 1732 Διονί-

220 1747 304 1814 ’μιιι1
328 1749 441 1801 Diotimo
458 1779 492 1788 -
510 1750 544 1801 de
567 1751 641 1801 onins
657 1766 706 1800 no-

227 1818 302 1869 minis
330 1818 443 1882 genitivo
477 1836 500 1869 v.
525 1819 704 1871 Bekkeri

226 1886 354 1938 Anecdot.
374 1887 418 1938 lll.
439 1903 463 1952 p.
482 1887 556 1941 1201.
574 1916 608 1928 -
627 1904 704 1938 uoca-

226 1963 270 2007 tur
287 1955 328 2006 hle
346 1962 373 2006 el
384 1972 409 2022 p·
422 1956 481 2009 211.
496 1958 528 2007 D.
547 1955 706 2020 Μιιντινικῆ,

226 2040 304 2090 qunm
316 2026 419 2090 proprie
436 2025 544 2078 deberet
561 2028 705 2082 Μαιιιιίςι

207 2094 294 2156 ,unde
312 2095 411 2156 evenit,
440 2096 548 2160 opinor,
572 2103 600 2144 ut
618 2111 705 2160 gram-

227 2162 313 2212 matici
332 2163 476 2214 scriberent
493 2170 626 2229 μαντικῆς.
650 2162 705 2215 Nec

227 2237 313 2281 tumen
333 2230 381 2281 hoc
398 2239 501 2298 praeter
512 2249 586 2285 usum
602 2239 628 2284 et
641 2248 705 2284 cou-

226 2298 387 2352 suetudinem
412 2302 594 2367 factumest,
623 2303 704 2367 siqui-

227 2366 287 2419 dem
306 2370 408 2420 nornina
426 2371 573 2436 possessiva
593 2386 643 2421 non
662 2387 704 2422 ra-

226 2455 256 2489 ro
275 2455 322 2503 pro
341 2440 485 2490 nominibus
500 2441 637 2504 geritilibns
655 2455 704 2505 po·

226 2514 331 2570 unntnr,
351 2508 452 2572 dequo
472 2508 590 2571 loquendi
608 2524 704 2572 genere

226 2591 248 2624 v.
269 2576 380 2627 Davis.
407 2577 439 2626 ad
463 2577 532 2628 Max.
554 2576 659 2642 Tyrium
679 2594 704 2643 p.

226 2643 285 2697 588.
305 2649 332 2694 et
347 2643 499 2698 Fischer.
521 2645 653 2697 dninradv.
670 2646 703 2697 ad

225 2711 330 2762 Welleri
354 2713 497 2765 Grammat.
519 2714 551 2764 T.
571 2715 702 2767 111.P‚l.

226 2797 252 2847 p.
273 2779 332 2834 299.
352 2781 420 2832 conl.
438 2783 515 2833 etiam
533 2783 705 2835 Holsteni-

226 2865 275 2900 uru
295 2855 321 2900 et
339 2849 529 2903 Berlrelium
548 2852 579 2903 ad
593 2852 705 2918 Stepha-

226 2934 287 2969 num
308 2919 414 2984 Byzant.
431 2922 456 2971 in
467 2923 627 2985 Μιινιίιιιας
646 2922 705 2973 lla·

227 2987 352 3040 risium'
382 2989 414 3040 ad
439 2989 509 3041 Max.
542 2990 604 3055 Tyr.
634 2990 703 3041 Diss-

225 3055 321 3109 XXlV.
334 3059 361 3113 4.,
371 3075 395 3124 p.
407 3057 467 3114 460.
478 3058 509 3108 Τ.
525 3059 545 3110 l.
560 3059 603 3110 ed.
613 3058 703 3110 Reislr.

225 3124 431 3177 Wernsdorl.
442 3126 474 3178 ad
490 3128 590 3180 Himer.
602 3144 626 3194 p.
636 3127 706 3190 357,

226 3195 270 3259 qui
295 3210 327 3244 ex
353 3196 522 3262 scriptoribus
545 3199 639 3249 aetatis
657 3213 705 3261 po-

225 3264 340 3315 sterioris
354 3272 485 3330 receptam
499 3267 648 3330 scripturam
662 3281 704 3317 ss-

225 3332 259 3383 tis
282 3335 422 3386 firmarunt.
458 3333 633 3397 Vehementer
658 3349 703 3384 an-

225 3410 279 3453 tem
313 3404 458 3454 dubitatum
490 3410 558 3466 est,¹
576 3417 702 3466 quaenam

225 3470 303 3523 l'nerit
325 3474 368 3523 illa
397 3472 518 3521 Diotima.
562 3470 598 3521 Et
629 3471 703 3521 multi

225 3541 329 3605 quidem
356 3539 381 3588 in
401 3538 552 3589 ensuerunt
573 3538 702 3604 opinione,

225 3616 256 3658 ut
281 3624 336 3658 earn
362 3613 443 3657 totam
470 3614 589 3672 putarent
607 3625 622 3658 a
640 3607 703 3658 Pla-

224 3685 287 3727 tone
305 3675 337 3724 ud
356 3676 499 3738 praesentis
523 3675 702 3740 disputationis

224 3760 301 3794 nsurn
319 3746 406 3795 fictam
427 3760 501 3804 esse,
526 3759 558 3794 ne
577 3744 701 3797 Socrates

225 3829 257 3864 ex
277 3830 323 3865 sua
342 3813 423 3878 ipsius
443 3829 555 3880 persona
573 3813 702 3866 disserere

224 3883 363 3947 videretur,
382 3899 447 3947 qnae
465 3882 496 3934 nb
516 3883 569 3934 eins
588 3881 703 3948 philoso-

224 3952 319 4017 phandi
342 3954 440 4004 ratione
466 3952 586 4004 alieniora
609 3959 703 4005 esseut.

225 4022 304 4075 Cuius
322 4023 465 4074 sententiae
486 4037 547 4071 snae
566 4036 703 4085 argumen-

224 4098 337 4144 urentum
355 4092 494 4141 attuleruut
506 4089 563 4153 hoc,
581 4090 650 4154 qnod
669 4092 703 4144 de

225 4162 331 4214 muliere
348 4160 397 4212 ists
415 4163 482 4213 nulla
499 4159 532 4212 ad
550 4174 598 4212 nos
609 4176 702 4229 perve-

757 1131 825 1184 nerit
845 1131 938 1183 notitia
946 1162 956 1192 ,-
978 1133 1025 1185 nisi
1041 1147 1108 1196 quas
1125 1137 1171 1184 aut
1190 1132 1240 1185 du·

757 1207 799 1252 cta
830 1217 863 1252 ex
888 1201 1000 1252 Platone
1026 1201 1059 1250 sit
1082 1208 1127 1251 ant
1149 1218 1167 1252 a
1195 1217 1239 1252 re-

756 1268 911 1319 centioribus
937 1270 1078 1320 Platonicis
1106 1269 1238 1334 prolecta.

755 1337 834 1391 Quod
855 1338 1001 1390 licst‘lacile
1015 1338 1153 1402 largiamur
1172 1354 1239 1393 usu·

754 1405 812 1457 nihil
848 1407 968 1472 ponderis
1001 1406 1111 1468 hahere,
1147 1414 1236 1460 tamen

754 1489 805 1525 nou
834 1475 934 1526 videtur
970 1475 996 1524 id
1027 1474 1130 1528 edicere
1165 1477 1238 1540 qnod

755 1543 792 1595 illi
816 1546 911 1596 volunt.
952 1543 1021 1596 Nam
1035 1544 1158 1610 primum
1178 1545 1238 1610 qui·

756 1611 816 1664 dem
839 1629 886 1679 per
907 1630 936 1665 se
960 1628 1010 1664 non
1045 1618 1085 1663 est
1114 1613 1237 1666 credibile

754 1680 905 1745 Platonem,
935 1681 976 1746 qui
1012 1681 1071 1732 alibi
1106 1678 1234 1747 homines,

755 1751 799 1814 qni
827 1764 888 1801 vere
920 1752 1044 1802 vixissent
1069 1751 1109 1801 vel
1137 1750 1236 1803 vixisse

756 1819 935 1881 crederentur,
973 1827 1002 1870 nt
1033 1819 1169 1885 Aspasiam
1207 1825 1236 1872 et

755 1886 949 1952 Epimenidem,
975 1887 1008 1939 ad
1027 1902 1145 1938 caussam
1164 1887 1254 1939 simi-⁴

755 1959 807 2009 lem
824 1955 949 2020 adhibuit,
966 1957 991 2006 lu
1010 1955 1058 2007 hac
1074 1971 1103 2007 re
1120 1970 1232 2020 persona

754 2041 829 2076 usum
860 2042 919 2076 esse
946 2041 1017 2077 mere
1049 2024 1230 2077 commentitia.

755 2094 809 2144 lmo
828 2095 965 2145 verisimile
978 2101 1019 2144 est
1032 2108 1087 2144 euru
1098 2093 1231 2143 mulierem

754 2163 851 2214 dudum
872 2164 937 2214 inter
949 2162 1116 2214 Athenienses
1133 2160 1233 2212 altioris

754 2233 894 2298 sapientiae
919 2238 946 2283 et
964 2232 1147 2282 sarrctimonias
1164 2229 1234 2281 lama

755 2301 910 2354 celebratam
932 2315 991 2351 cnm
1010 2301 1120 2361 Socrate
1137 2315 1234 2350 conve-

755 2373 809 2423 nire
827 2372 948 2432 iussisse,
972 2367 1134 2438 quantumvis
1156 2368 1233 2433 largi-

756 2441 848 2497 endum
883 2441 917 2490 sit
941 2439 1064 2500 Socratis⁴
1085 2452 1233 2488 sermonem

755 2523 813 2560 cnm
840 2524 869 2559 ea
892 2509 1034 2558 institutum
1061 2505 1157 2570 pariter
1175 2521 1234 2557 esse

754 2578 898 2643 praesentis
926 2575 1113 2643 'disputationis
1151 2574 1233 2640 gratia

755 2647 914 2707 confictum,
941 2652 1019 2709 atque
1054 2645 1164 2695 conficta
1193 2648 1234 2695 est

755 2715 855 2777 oratio,
883 2729 952 2776 (quae
977 2714 1002 2763 in
1023 2712 1168 2763 Menexeno
1186 2712 1234 2762 tri-

755 2782 842 2833 buitur
866 2782 996 2849 Aspnsiae.
1033 2781 1135 2831 Deinde
1159 2781 1233 2832 Plato

755 2851 810 2918 ipse
826 2851 894 2916 quod
915 2867 970 2902 eam
983 2849 1234 2900 vocatMantineeu-

755 2936 821 2989 sem,
842 2923 904 2972 satis
923 2926 1012 2987 aperte
1029 2917 1178 2984 prodidisse
1196 2918 1234 2968 ri-

755 2989 844 3053 detur,
867 2990 997 3054 cogitasse
1020 3003 1049 3038 ae
1077 2985 1110 3038 de
1139 2986 1234 3037 illustri

754 3058 838 3123 aliqua
856 3057 960 3123 femina,
980 3072 1046 3122 quae
1063 3070 1114 3105 uon
1133 3061 1234 3106 temere

754 3133 770 3177 a
788 3143 816 3177 se
836 3126 980 3191 excogitata
998 3132 1043 3175 ant
1061 3124 1174 3175 condeta
1190 3138 1234 3174 es-

754 3201 809 3260 set,
838 3195 884 3246 sed
913 3210 1004 3246 revera
1027 3190 1167 3258 aliquando
1194 3191 1235 3242 vi-

753 3264 842 3315 xisset.
878 3264 993 3328 Denique
1015 3277 1047 3313 ne
1066 3277 1154 3311 rerum
1174 3261 1234 3326 qui-

754 3330 810 3383 dem
830 3338 885 3396 est,
909 3333 978 3398 qnod
1003 3331 1079 3395 uulgo
1104 3329 1232 3394 dictitant,

752 3414 804 3451 uon
829 3402 902 3453 aliam
925 3401 1041 3452 notitiam
1065 3399 1097 3449 de
1115 3399 1231 3450 Diotima

753 3475 842 3520 extare
860 3471 907 3521 nisi
917 3467 994 3535 'qnae
1005 3469 1037 3520 ab
1049 3468 1108 3532 ipso
1119 3468 1232 3518 Platone

752 3539 862 3602 repetita
876 3543 918 3591 sit.
955 3539 1018 3590 h'arn
1032 3541 1169 3601 supersunt
1186 3549 1233 3586 sa-

752 3621 785 3657 ne
803 3617 905 3673 praeter
927 3609 992 3669 alia,
1015 3622 1080 3671 quae
1104 3609 1234 3656 memorat

751 3676 862 3728 Daris.
888 3676 921 3728 ad
947 3678 1053 3727 Maxim.
1078 3673 1141 3739 Tyr.
1156 3672 1190 3724 Τ.
1210 3673 1232 3724 1.

752 3745 918 3811 ρ.459.ι1ιιο
937 3745 1093 3809 antiquitatis
1112 3742 1234 3793 testimo-

753 3815 805 3874 nia,
824 3815 891 3865 unde
903 3815 1065 3878 aliquatenus
1079 3819 1150 3861 certe
1166 3824 1231 3861 cou-

752 3884 830 3935 iicere
855 3885 944 3944 liceat,
966 3897 1094 3946 quaenam
1118 3880 1234 3931 lliotima

753 3953 843 4014 luerit,
865 3954 972 4002 alterum
993 3951 1095 4012 Procli,
1119 3950 1232 4002 alterum

753 4020 908 4072 scholiastae
920 4019 1045 4071 Aristidis.
1070 4019 1105 4069 Et
1118 4017 1232 4069 Procius

752 4088 855 4155 quidem
868 4088 892 4138 in
902 4088 1018 4140 Platonis
1031 4089 1126 4153 Remp·
1137 4085 1230 4153 pnt-

752 4156 1230 4227 samvuuumerateyursgoreimqoo

706 4356 755 4391 st!
774 4352 796 4401 ¹i
844 4342 902 4400 .th
