2604 4620
92 172 208 253 'nxx
404 232 407 241 .
508 200 777 250 raonnoounun
885 237 888 243 .

92 385 96 393 ⁴
135 360 179 425 A.
201 379 239 441 sq
262 405 270 421 .
293 366 327 421 et
346 378 378 442 p.
395 355 467 420 150.
482 353 522 419 Β.
538 350 576 420 C.
598 353 708 439 ibique
727 362 834 419 annot.
855 350 1032 421 Nimirum
1053 354 1150 423 teatin

135 444 189 509 ille
210 464 250 507 ur
272 462 396 524 unaque
418 462 497 505 usus
522 439 624 504 ironia
644 438 696 506 his
716 438 811 504 dictis
834 438 1054 527 significavit,
1085 441 1151 526 quoi

136 548 290 613 quorsum
309 525 495 611 pertineret,
518 547 582 589 non
604 546 713 590 omnes
733 524 900 607 assequuti
926 535 1024 604 sunt,
1050 539 1152 593 seseet

136 614 244 698 ipsum
266 632 372 676 amore
396 609 573 696 sapientiae
594 631 664 675 esse
686 608 844 695 repletum
857 618 891 672 et
907 610 1060 677 eandem
1073 632 1153 697 qum

136 695 273 761 maxime
300 718 419 782 cupere
444 695 477 775 in
506 694 757 759 adolescentium
782 692 899 758 animis
952 697 1153 763 eneruem

136 770 235 846 etiarn
255 781 445 865 quaerendo,
490 779 693 857 ercontando‚
721 777 920 844 sermocinari
943 801 968 845 ο
999 784 1154 867 tamqurn

136 876 265 953 partum
286 867 425 951 aliquem
437 803 513 930 iride
534 864 658 930 elicere.
681 863 788 945 Quem
799 862 935 1012 quidem
948 862 1021 931 viri
1036 889 1078 931 sa
1101 866 1154 945 'm-

137 951 252 1017 tissimi
273 973 414 1017 amorem
432 951 593 1016 luculente
608 949 713 1015 deseri
739 948 780 1013 sit
832 948 916 1013 lato
937 949 977 1014 in
993 950 1078 1019 Alei
1100 950 1110 967 ⁰
1184 956 1192 1011 ’.

136 1035 241 1122 primo
260 1058 293 1182 ir
310 1037 381 1099 131.
398 1032 436 1099 C.
453 1056 532 1119 sqq,
547 1055 643 1117 quem
656 972 800 1132 libellum
818 1033 873 1117 qui
888 1056 1004 1120 nuper
1020 1038 1155 1123 spurinn

138 1144 177 1186 ac
198 1118 258 1186 sub
284 1119 406 1185 'tioium
428 1141 499 1196 esse
519 1118 752 1197 iudicaverunt,
774 1118 798 1182 1i
818 1117 852 1182 in
874 1117 1036 1187 fraudem
1058 1144 1100 1189 eo
1117 1122 1155 1187 iu·

137 1205 227 1271 ducti
248 1215 333 1282 sunt,
356 1204 443 1288 quod
463 1203 608 1269 Platonis
630 1201 784 1269 Socratici
806 1203 927 1303 scripta
948 1227 1024 1271 non
1039 1206 1084 1273 ab
1097 1205 1157 1273 aliis

138 1291 372 1366 discrevenmt,
401 1311 483 1373 quae
513 1288 677 1354 maturiori
698 1286 878 1375 philosoph]
895 1289 1009 1355 aetati
1034 1300 1159 1381 accepta

138 1377 329 1441 referrmtur.
364 1373 417 1438 Ita
443 1373 542 1460 igitur
565 1371 722 1440 Socrates.
756 1372 865 1458 Atque
891 1372 972 1440 hinc
995 1376 1160 1461 protectus

138 1460 233 1525 Pluto
259 1482 329 1525 rem
349 1458 512 1545 aliquanto
538 1458 686 1546 provexit
706 1458 811 1525 altius.
846 1456 976 1524 Retulit
999 1461 1095 1527 enim
1110 1460 1160 1527 illc

139 1543 338 1612 Socraticam
364 1544 480 1610 amoris
507 1543 737 1630 professionem
756 1565 822 1609 non
848 1552 978 1610 tantum
999 1546 1050 1611 ad
1071 1546 1159 1613 ammi

138 1630 289 1696 virtutem
309 1638 365 1694 aut
378 1630 494 1695 mentis
508 1629 663 1709 notiones,
685 1651 765 1714 quas
788 1626 954 1715 spectabat
967 1629 1085 1716 ipsius
1097 1652 1157 1697 ma·

163 1717 250 1793 ster,
277 1715 335 1781 sed
361 1714 504 1779 traduxit
528 1714 616 1780 illam
646 1714 797 1780 continuo
822 1712 864 1777 ad
885 1713 1038 1781 studium
1060 1738 1158 1783 rerum

139 1740 328 1878 divinarum,
356 1800 443 1885 quod
458 1799 497 1863 in
519 1798 749 1887 cognoscendis
771 1808 867 1882 atque
888 1798 1065 1868 intuendis
1085 1800 1158 1867 ideis

139 1887 363 1953 contineretur.
391 1883 524 1971 Quippe
544 1884 625 1970 huic,
641 1883 697 1968 qui
719 1883 846 1949 deditus
867 1881 912 1947 ita
933 1894 1040 1964 esset,
1064 1897 1104 1952 ut
1116 1896 1155 1953 tc·

140 1984 193 2035 tus
214 1980 397 2035 versaretur
417 1970 451 2033 in
476 1968 618 2035 veritatis
647 1979 794 2035 aeternae
816 1970 1095 2054 contemplatione
1114 1982 1154 2037 ct·

140 2078 204 2138 que
232 2055 313 2118 ahos
342 2075 469 2137 quoque
497 2052 637 2118 adeam
687 2053 841 2119 erducere
866 2065 1064 2135 conaretur,
1092 2078 1155 2123 eun

140 2140 269 2204 demum
289 2138 469 2223 perfectum
491 2137 616 2203 censuit
635 2077 871 2223 philosophum,
898 2148 1000 2207 etue
1022 2140 1156 2207 cundem

140 2223 237 2289 etiam
264 2223 441 2308 perfectum
461 2232 633 2287 amatorem
653 2244 726 2288 esse
745 2222 911 2302 iudicavit,
931 2160 983 2289 ie·
999 2246 1069 2311 qua
1088 2246 1155 2291 sen·

141 2307 241 2374 tentia
266 2331 297 2372 v.
326 2306 379 2373 De
405 2306 544 2394 Republ.
562 2306 623 2372 111.
647 2331 679 2393 p.
699 2308 772 2374 402.
792 2308 833 2373 A.
858 2329 928 2392 sqq.
955 2331 992 2410 p.
1019 2310 1094 2376 403.
1112 2307 1154 2374 A,

138 2395 179 2459 B.
197 2391 236 2458 O.
252 2392 312 2459 VI.
327 2416 359 2492 p.
374 2394 448 2458 490.
463 2391 506 2457 A.
520 2393 559 2457 Β.
576 2391 614 2457 G.
636 2403 670 2458 et
681 2392 885 2459 Phaedonem
905 2384 986 2459 locrs'
1025 2393 1148 2461 lurimis.

139 2479 186 2543 Et
215 2476 414 2543 Socraucam
440 2477 571 2562 quidem
597 2478 752 2544 rationem
779 2478 939 2563 expressit
1010 2476 1147 2565 onopbcn

140 2565 176 2627 in
198 2561 388 2647 Symposi03
414 2561 625 2639 Platonicam,
646 2572 682 2626 ut
703 2562 853 2641 diximus,
875 2562 910 2627 iu
929 2585 999 2628 uno
1021 2562 1149 2630 mamma

140 2647 288 2712 Phaedro
323 2669 361 2710 ac
387 2644 561 2732 Symposio
588 2646 766 2731 expositam
791 2646 961 2728 hahemus,
995 2660 1037 2715 ut
1065 2646 1151 2715 facile

140 2732 215 2796 hinc
242 2752 433 2817 cognoscere
460 2741 491 2795 et
516 2730 694 2830 intelligere
723 2732 827 2813 liceat,
861 2743 1021 2818 quantum
1042 2731 1150 2799 discri-

140 2816 236 2882 minis
263 2816 348 2881 inter
380 2817 485 2882 utrius
508 2838 548 2881 ue
577 2816 741 2901 scnptoris
771 2815 929 2883 Convivia
947 2818 1152 2885 ¹intercedere

44 2906 48 2912 ’
140 2902 389 2969 existimandum
410 2902 461 2967 sit.
522 2911 598 2986 tque
618 2900 713 2966 huius
734 2902 836 2988 ipsius
856 2902 904 2967 rei
926 2924 1152 2970 commemora·

141 2990 185 3055 tio
207 2999 370 3074 tamquam
392 2996 505 3075 sponte
525 3009 586 3053 nos
600 2986 735 3071 denique
750 2987 792 3072 ad
804 2987 884 3053 illud
904 2987 1048 3067 deducit,
1070 2986 1153 3073 quod

139 3073 543 3225 isquhliiqqqurolegomenis
557 3072 674 3138 uostris
689 3071 800 3138 ultimo
819 3072 890 3137 loco
904 3072 1065 3161 attingere
1078 3094 1150 3138 oon·

182 3242 367 3309 Dicendum
395 3244 480 3308 enim
508 3243 614 3308 adhuc
665 3243 754 3307 aucis
776 3252 825 3307 est
846 3242 886 3306 de
908 3242 1043 3322 ratione,
1071 3259 1150 3325 quae

141 3327 224 3390 inter
244 3327 446 3421 Platonicum
474 3338 507 3393 et
527 3266 802 3414 Xenophonteum
824 3325 1035 3414 Symposium
1054 3326 1152 3391 inter·

142 3409 244 3475 cedat.
287 3411 392 3476 Vetus
423 3422 473 3477 est
502 3424 608 3478 autem
639 3423 672 3478 et
697 3413 772 3478 inde
799 3412 840 3479 ab
868 3411 1028 3478 Athenaei
1053 3419 1153 3492 atque

143 3492 241 3560 Gellii
268 3505 371 3559 aetate
398 3497 440 3559 ad
465 3507 605 3561 nostram
631 3521 734 3583 usque
762 3497 947 3564 memoriam
973 3500 1153 3582 propagata

141 3578 260 3665 opinio,
290 3589 376 3644 certa
396 3580 430 3643 in
451 3582 501 3645 his
522 3581 674 3681 operibus
696 3594 806 3648 extare
832 3592 964 3649 mutuae
983 3576 1154 3645 simultatis

142 3667 348 3741 documenta,
379 3685 462 3748 quae
489 3676 656 3751 utriusque
685 3667 849 3753 scriptoris
878 3667 1002 3734 animos
1028 3663 1153 3729 disiun-

47 3782 49 3785 ·
142 3752 273 3839 xerit*).
306 3747 401 3832 Quae
422 3750 530 3836 opinio
552 3752 630 3836 quid
651 3753 767 3819 habeat
794 3749 1081 3820 verisimilitudinis
1102 3749 1154 3814 vel

106 3998 111 4015 .
175 3960 201 4022 ‘)
227 3961 261 4079 ἔ.
276 3960 393 4080 qltliqp'
415 3959 462 4079 ΙΒΧ.
486 3976 509 4025 p.
533 3965 589 4011 too.
612 3962 644 4013 D.
671 3962 802 4026 Diogen.
826 3961 909 4013 Luert.
932 3959 980 4012 111.
1005 3966 1045 4013 st.
1075 3960 1153 4014 Gen.
