2604 4620
1137 46 1152 85 b

455 245 666 312 arlauno.
689 265 721 328 p.
744 247 796 314 ar.
822 247 868 313 ss.
1100 243 1164 308 aaa

246 367 268 418 l·
281 360 337 398 w(
347 342 431 411 “¹4’‘
456 331 584 422 447stssss
637 375 640 385 .

150 421 219 514 θῇ,
246 417 354 487 ταῦτα
382 445 417 504 ys
442 417 702 504 laeaniticum,
739 410 764 488 ὦ
791 420 926 508 Σιμμία
951 442 985 486 τι
1012 419 1068 486 καλ
1097 419 1162 487 Kt-

148 523 227 606 βης,
261 517 351 600 ὅπως
384 518 430 607 μὴ
466 524 718 591 διασπασθεῖσα
750 529 787 589 ἐν
819 525 858 614 τῇ
891 518 1068 612 ἀπαλλαγῇ
1096 524 1159 590 τοῦ
1212 517 1216 527 ’

150 618 305 708 σώματος
330 619 397 690 ὑπὸ
424 624 491 688 τῶν
516 621 647 707 ἀνέμων
673 626 922 714 διαφνσηθεῖσα
940 623 996 688 καὶ
1020 624 1161 690 διαπτσ·

147 729 228 806 μένη
255 723 386 808 οἴχηται
413 725 468 788 καὶ
495 719 594 788 οὐδὲν
619 727 665 790 tn
683 721 842 807 Ιὀὐδαμοῦ
868 711 898 814 ᾖ.

221 818 306 914 Cap.
334 819 492 890 XXXV.
544 820 635 908 Σιγὴ
662 813 723 891 οὖν
749 827 891 908 ἐγένετο,
918 821 1024 885 ταῦτα
1050 821 1160 890 εἰπόν·

146 946 205 1000 τος
230 926 291 990 τοῦ
316 921 534 1009 Σωκράτους,
560 928 614 991 ἐπὶ
637 921 746 991 πολιλν
767 919 905 1010 χρόνον,
929 924 984 986 καὶ
1001 918 1106 998 αὐτός
1122 948 1157 993 τι
1188 944 1213 1008 0
1274 986 1282 1015 ⁸

146 1018 232 1108 πρὸς
265 1024 310 1105 τῷ
346 1030 502 1112 εἰρημένῳ
530 1025 618 1110 λόγῳ
652 1014 695 1105 ἦν
720 1022 739 1091 ὁ
765 1021 971 1112 Σωκράτας,
1009 1018 1052 1099 ὠς
1078 1026 1159 1091 ἰδεῖν

148 1126 314 1211 ἐφαίνετο,
340 1127 396 1190 καὶ
420 1121 514 1209 ἡμῶν
539 1130 571 1193 οἱ
596 1128 755 1193 πλεῖστοι.
806 1125 918 1210 Κέβης
939 1123 973 1188 δὲ
995 1125 1052 1188 καὶ
1067 1125 1159 1209 Σιμ-

145 1225 225 1308 μίας
252 1220 390 1314 σμικρὸν
422 1219 520 1314 πρὸςΙ
540 1224 673 1309 ἀλλήλω
700 1227 924 1310 διελεγέσθην.
952 1225 1009 1288 καὶ
1034 1218 1053 1289 ὁ
1078 1224 1159 1290 Σιο-

145 1486 261 1538 mutavit.
297 1488 375 1543 Quod
394 1505 539 1555 quanquam
559 1490 636 1541 ctiam
655 1488 723 1540 Tub.
743 1495 770 1541 et
783 1487 875 1541 lambi.
895 1487 981 1550 itabat,
1003 1493 1158 1542 tamennon

145 1555 290 1619 probamus.
328 1558 420 1624 Aptius
438 1558 468 1622 δὴ
489 1560 514 1608 iu
533 1559 759 1624 argumentationis
782 1557 955 1610 conclusione.

174 1673 176 1678 ,
214 1623 321 1674 ταῦτα’
347 1624 375 1691 μ’
399 1626 673 1690 ἔπιτηδεύσασα]
695 1627 768 1676 Libri
792 1626 828 1691 δ),
854 1625 1008 1690 quodcum
1031 1624 1157 1678 Fischero

145 1696 172 1742 et
189 1691 312 1742 Bekkero*
337 1695 370 1743 de
397 1695 522 1744 sententia
543 1693 667 1758 Stephani
692 1693 718 1743 iu
736 1692 762 1758 ν’
789 1695 952 1745 mutavimus.
992 1693 1157 1746 Heindorfius

146 1774 177 1809 eu
197 1762 263 1823 Aug.
282 1758 354 1809 dedit
372 1759 450 1810 ταῦτ’
471 1760 667 1823 installationem.
704 1761 826 1812 Ceterum
845 1777 910 1811 vana
927 1766 967 1811 est
985 1762 1070 1826 opinio
1084 1763 1157 1828 Wyt-

145 1826 271 1878 teubacltii
290 1828 370 1878 verba
389 1827 582 1894 transponenda
598 1828 741 1879 iudicantis.
759 1843 784 1878 v.
803 1843 861 1880 ann.

214 1892 278 1945 δπδ
303 1901 365 1945 τῶν
388 1895 534 1961 ἀνέμων]
558 1895 627 1949 vett.
654 1895 726 1947 editt.
749 1891 803 1945 δπδ
824 1900 898 1945 τινῶν
915 1892 953 1944 οἶν.
981 1895 1065 1946 invitia
1085 1897 1157 1948 codi-

140 1963 233 2028 cibus,
252 1970 282 2013 ut
298 1963 417 2028 videtur,
436 1965 564 2016 omuibus.
601 1964 655 2015 Pro
678 1966 747 2030 vulg.
774 1963 938 2030 διαπιαμίιη
960 1978 993 2014 ex
1017 1964 1093 2017 Bodl.
1118 1981 1157 2031 pr.
1175 2018 1176 2022 ,

146 2032 226 2083 Coisl.
253 2032 320 2083 Ven.
343 2034 413 2086 All.
440 2034 502 2085 Par.
528 2031 603 2084 cnl.
629 2033 719 2083 Amba.
747 2034 814 2098 Aug.
831 2032 987 2084 Florentinis
1005 2034 1153 2089 restitutum

147 2100 317 2164 διαπτομένη,
336 2103 406 2165 qnod
427 2104 510 2168 magis
530 2102 643 2152 Atticum
662 2100 776 2153 babetur.
789 2103 849 2153 Par.
863 2102 899 2152 H.
911 2101 977 2151 Tnb.
991 2101 1154 2168 beneventan.

146 2168 207 2220 Par.
226 2169 260 2218 G.
281 2169 452 2238 διαπινομένη.
490 2171 575 2222 Recte
598 2170 734 2220 Porsonus
756 2170 791 2220 ad
816 2171 888 2224 Med.
912 2186 936 2224 v.
957 2171 979 2221 l.
1013 2172 1113 2234 „Attici
1130 2173 1154 2222 in

143 2236 274 2302 praesenti
292 2237 412 2290 adhibent
428 2243 554 2306 πέτομαι,
573 2240 700 2304 πέταμαι,
726 2239 751 2289 ln
769 2240 866 2290 norisio
884 2235 1011 2303 ἔπτόμην,
1029 2238 1153 2307 λιποίμην,

143 2320 253 2370 quorum
277 2308 347 2372 priua
371 2308 407 2358 ita
424 2305 621 2375 praeferendum
638 2307 741 2370 iudico,
768 2315 797 2358 ut
820 2313 909 2359 contra
927 2307 1050 2358 librorum
1068 2315 1156 2362 tamea

143 2389 297 2426 eonsensum
316 2375 375 2428 nibil
398 2381 544 2431 mutetur.“
579 2376 697 2428 Platonis
720 2376 817 2428 libriin
841 2377 891 2428 lroc
914 2375 1019 2442 quidem
1044 2380 1158 2442 opereo'

140 2448 251 2496 tuentur.
270 2443 336 2497 cons.
357 2461 381 2511 p.
401 2447 442 2501 70.
461 2449 491 2498 Δ.
511 2463 534 2513 p.
556 2445 612 2499 109.
630 2445 663 2496 Ε.

142 2616 350 2681 periculum,
375 2620 576 2679 nemetuat‚
594 2621 627 2666 ut
711 2612 749 2670 ὥς
773 2611 855 2662 ἰδεῖν
880 2611 1053 2678 ἐφαίνετο]
1079 2611 1102 2666 b.
1129 2631 1152 2667 e.

142 2685 253 2749 Apolog.
273 2685 376 2736 Socrat.
396 2702 422 2750 p.
440 2684 482 2739 28.
498 2685 624 2750 B.Gorg.
677 2688 712 2735 ut
728 2680 859 2748 quidem
878 2681 1074 2746 apparebat,
1094 2683 1152 2734 ubi

135 2766 168 2817 p.
190 2751 250 2806 520.
279 2754 312 2804 D.
341 2754 502 2805 Herodot.
536 2754 555 2805 1.
582 2753 624 2806 84.
676 2752 749 2817 quis
768 2764 837 2800 enm
856 2750 1065 2800 intuebatur.
1088 2750 1152 2804 Nara

140 2820 291 2887 Xenopb.
326 2821 429 2874 Hellen.
464 2822 497 2874 ll.
534 2822 564 2885 l,
598 2821 624 2874 6.
676 2826 745 2872 errat
768 2817 928 2880 Fischer,
956 2820 999 2883 qui
1026 2819 1089 2869 ἰδεῖν
1111 2820 1151 2869 in-

141 2888 228 2940 Verba
262 2890 438 2940 connectenda
472 2895 532 2939 suut
574 2888 625 2942 hoa
675 2893 834 2953 terpretatur
866 2887 983 2950 βλέπειν,
1026 2889 1151 2939 vultum

142 2956 623 3024 πιοδοιὃίιωςμὴιιιῦτάμεέπινη-
673 2955 807 3015 habere,
842 2956 966 3004 vultum
1003 2953 1150 3006 induere.

142 3022 255 3074 δεύσασα
283 3026 477 3074 διασπασθεῖσα
513 3027 625 3088 οἴχηται.
673 3022 752 3073 Errat
777 3021 853 3070 enam
887 3020 1073 3081 Heindorf„
1107 3022 1152 3083 qui

141 3089 215 3142 Istud
252 3090 337 3140 ταῦτα’
372 3109 400 3155 με
434 3091 624 3156 instantiamea
672 3090 736 3138 ἰδεῖν
755 3089 857 3152 passive
867 3086 961 3137 dictum
979 3093 1062 3150 putat,
1081 3102 1153 3138 com-

143 3173 189 3208 cur
212 3159 249 3208 ita
273 3160 443 3224 praemissum
468 3160 516 3222 sit,
541 3159 625 3225 aemi-
675 3171 767 3221 parans
788 3155 923 3205 formulam
947 3153 1024 3211 καλὰς
1044 3154 1106 3204 ἰδεῖν
1125 3161 1152 3207 et

141 3241 217 3288 nem,
236 3228 343 3292 opinor,
363 3229 522 3293 praeteribit.
675 3224 781 3287 similia,
806 3224 940 3287 inquibus
965 3228 992 3272 et
1008 3223 1070 3289 ipsis
1088 3225 1152 3275 ἰδεῖν

176 3295 239 3360 Cep.
256 3296 365 3347 XXXV.
401 3296 431 3346 C.
467 3292 552 3346 αὐτό
560 3313 572 3352 ς
589 3314 623 3347 τε
673 3295 756 3344 active
785 3291 971 3357 accipiendum·
1011 3291 1076 3343 Nam
1104 3312 1150 3343 aa·

141 3359 620 3433 πρὸςνῷιίρημινῳλόμῳῆν]
672 3359 719 3419 lle
744 3361 806 3411 λδεῖι
834 3360 937 3426 proprie
967 3366 1021 3411 esta
1050 3361 1149 3415 sclrbn

141 3432 166 3483 h.
192 3448 215 3483 e.
236 3433 310 3499 ipse
334 3433 464 3485 defixus
491 3435 621 3485 eratin
672 3430 884 3493 auansehen,
908 3428 931 3478 n.
952 3445 977 3481 e.
1001 3429 1148 3495 pulcher,

141 3502 347 3566 cogitatione
376 3518 505 3566 eorum,
539 3518 620 3568 qnae
673 3500 790 3564 siquis
808 3512 876 3549 eum
897 3497 1012 3550 videat.
1032 3498 1148 3566 DeRep.

135 3568 316 3634 disputata
342 3577 457 3635 erant,
485 3589 507 3623 s.
532 3571 621 3622 babi—
671 3573 705 3621 X.
733 3584 756 3633 p.
780 3565 839 3625 615.
862 3566 894 3616 E.
921 3565 1047 3634 διάπυροι
1075 3569 1146 3619 ἰδεῖν.

141 3643 203 3689 tarn
223 3637 492 3704 disputationem
513 3635 621 3691 mente
671 3636 795 3688 Timaeus
814 3633 909 3702 p.432.
928 3634 959 3686 B.
977 3637 1150 3702 παντοδαπὴν

142 3718 248 3758 secum
268 3708 458 3773 cogitabat.
482 3708 620 3774 Loquendi
669 3705 892 3771 λδεῖνφαλνεοθοι.
909 3704 1074 3756 lambliclr.
1088 3706 1148 3756 Μ’-

141 3788 222 3838 geuus
243 3777 434 3829 illustraverunt
459 3776 632 3829 Buddeus‘
671 3781 732 3825 ster.
757 3775 821 3841 Aeg.
843 3774 875 3824 ll.
897 3772 922 3824 8.
948 3790 974 3839 p.
993 3773 1034 3826 50.
1059 3772 1148 3838 ὀλιγο-

141 3841 315 3896 Commentar.
340 3844 414 3911 Ling.
440 3847 485 3897 Gr.
515 3863 541 3913 p.
560 3845 620 3900 987·
670 3845 827 3912 δρανοῦσιν,
852 3840 885 3901 ὡς
910 3842 978 3896 ἰδεῖν,
1001 3840 1148 3907 φαίνονται,

140 3909 283 3976 Vigerus
318 3930 343 3979 p.
379 3914 438 3969 662.
465 3913 620 3980 'Wytteu
670 3913 694 3964 h.
719 3918 745 3964 et
771 3919 806 3963 ut
834 3915 989 3977 apparet,
1018 3907 1046 3957 si
1073 3907 1147 3972 quis

140 3978 230 4035 bach.
261 3981 294 4032 ad
325 3983 456 4036 Plutarch.
490 3984 523 4036 de
554 3983 619 4034 Sera
671 3997 725 4033 eos
755 3980 934 4047 adspiciat.
964 3975 1031 4027 couf.
1068 3974 1146 4027 atat-

1102 4416 1106 4422 ·
1135 4190 1281 4344 Ι

137 4047 214 4167 ξυμ·
234 4049 309 4104 Vind.
328 4066 353 4117 p.
370 4049 413 4106 21.
436 4058 463 4106 et
479 4057 566 4107 annot.
585 4051 619 4104 ad
670 4049 758 4102 thiae
776 4051 822 4105 Gr.
843 4049 865 4113 §-
882 4046 941 4100 535.
961 4061 985 4096 a·
