2604 4620
190 250 255 315 118
571 246 825 326 ἣλιΑΤΟΝΙὲ
906 318 907 321 ¹

189 425 274 511 μιῶν
307 419 449 491 ἁπασῶν
481 423 537 487 καὶ
572 423 771 509 καρτεροῦσι
801 428 858 490 καὶ
892 423 932 493 ον’
960 426 1206 514 παραδιδόασιν

188 522 309 599 αὐτοῖς
331 517 489 607 ἑαυτούς,
530 517 570 590 οὕ
606 546 636 587 τι
670 527 902 613 οἰκοφθορίαι
934 550 968 595 τε
1004 531 1060 595 καὶ
1086 535 1204 599 πινίαν

187 619 402 716 φοβούμενοι,
428 618 534 710 ὥςπερ
563 628 595 692 οἱ
621 625 738 690 πολλοὶ
763 628 819 693 καὶ
845 625 1101 717 φιλοχρήματοι,
1128 630 1205 719 ovidi

165 711 232 805 ,air
257 719 397 808 ἀτιμίαν
422 748 457 790 τε
483 727 540 791 καὶ
563 722 703 805 άδοξίαν
728 729 921 814 μοχθηρίας
955 727 1114 808 δεδιότες,
1145 728 1205 810 ὥς·

187 845 249 907 περ
276 827 308 890 οἱ
334 827 493 915 φίλαρχοί
518 848 553 892 τι
586 829 643 893 καὶ
664 822 854 915 φιλότιμοι,
888 837 998 896 ἔπειτα
1023 828 1205 916 ἀπέχονται

190 919 320 997 αὐτῶν,
369 922 416 991 Οὐ
450 921 516 1012 μὰρ
550 921 595 992 όν
620 933 758 1012 πρέποι,
792 933 872 1016 ἔφη,
906 917 1152 1017 ὦΣώκρατες,
1186 929 1204 998 ό

134 1012 162 1074 Ι)
192 1023 313 1107 Κέβης.
369 1021 416 1090 Ori
442 1028 557 1108 μέντοι
573 1021 628 1108 μά,
648 1030 722 1108 Δία,
749 1017 770 1106 ἦ
798 1025 828 1094 δ’
862 1024 909 1106 ὅς.
938 1026 1206 1115 τοιχάρτοιτοό-

98 1138 103 1145 “
188 1131 260 1200 τοῖς
285 1124 346 1208 μὲν
368 1117 496 1189 ἅπασιν
505 1169 514 1200 ,
540 1125 620 1210 ἔφη,
646 1113 670 1187 ὦ
701 1124 827 1208 Κέβης,
852 1134 992 1208 ἐκεῖνοι,
1018 1130 1068 1209 οἷς
1093 1157 1124 1198 τι
1149 1137 1205 1219 μέ-

187 1226 237 1291 λει
262 1225 322 1305 τῆς
344 1219 455 1291 αὐτῶν
481 1225 607 1316 ψυχῆς,
640 1217 727 1287 ἀλλὰ
759 1219 806 1307 μὴ
840 1221 979 1307 σώματα
1004 1228 1206 1309 πλάττοντες

190 1326 283 1406 ζῶσι,
315 1329 443 1414 χαίρειν
480 1321 629 1400 εἰπόντες
663 1319 702 1390 οὐ
743 1320 828 1390 κατὰ
862 1321 968 1391 ταύτά
1004 1324 1203 1415 πορεύονται

259 1584 297 1638 ou*
326 1604 358 1636 τι
384 1578 624 1653 οἰκοφθορίαι]
647 1585 692 1636 Sic
714 1583 791 1638 Bodl.
817 1587 880 1641 Veu.
903 1585 973 1638 ΛΠ.
1000 1591 1060 1644 Pur.
1090 1589 1202 1663 AQHi.

188 1650 260 1705 Fior.
279 1670 303 1708 a.
322 1655 347 1706 b.
367 1670 389 1708 e.
409 1655 433 1708 d.
453 1656 470 1707 i.
488 1669 522 1708 m.
542 1661 569 1706 et
586 1670 625 1720 pr.
643 1654 723 1707 eoin.
746 1654 807 1705 Pur.
829 1657 862 1709 G.
899 1657 983 1723 Vuigo
1010 1658 1073 1710 οὔτε
1096 1660 1204 1725 οίιοφθ.

188 1721 423 1859 ξρρίιελὶὲῃρότοι,
446 1723 517 1789 quod
540 1724 566 1775 in
592 1723 665 1777 Vind.
684 1727 716 1776 Φ.
735 1726 947 1790 superscriptum.
975 1727 1042 1778 coni.
1068 1743 1094 1794 p.
1112 1727 1153 1782 81.
1166 1727 1204 1778 >D.

189 2004 273 2048 terum
311 1999 408 2049 Pluto
445 1997 502 2062 ipse
531 1996 608 2061 Reip.
640 1994 671 2047 ii.
725 1995 920 2047 lieindorfii
948 1997 1089 2057 sententia,
1112 1996 1203 2061 quiin

188 2080 214 2129 p.
236 2065 297 2118 376.
317 2066 348 2118 Β.
366 2064 399 2114 τό
418 2082 444 2128 χε
464 2065 586 2128 φιλομαθ
601 2081 614 2117 ς
631 2063 674 2110 καί
724 2060 882 2118 πλάττοντες
897 2066 978 2116 intere
990 2066 1134 2131 suspicatur
1147 2080 1206 2115 ver-

189 2131 336 2194 ιριλόσοιρον
362 2128 468 2183 ταύτόν,
493 2129 557 2181 ibid.
581 2131 591 2179 l
624 2170 626 2174 .
646 2144 671 2192 p.
724 2130 784 2178 bum
808 2130 911 2192 aliquod
935 2133 1119 2194 significatione
1137 2148 1206 2183 ser·

189 2197 250 2250 589,
276 2199 307 2248 Β,
335 2198 482 2261 φιλομαθὲς
506 2195 536 2257 δὴ
567 2196 672 2259 καίρι-
723 2194 840 2243 viendi
873 2196 1204 2263 blandiendioue

187 2261 301 2332 χόσοφο,
333 2263 398 2314 adid
435 2260 571 2318 καλοῦντες
607 2262 671 2310 κατὰ
723 2260 876 2325 praeditum.
912 2263 1003 2325 Neque
1016 2267 1094 2314 etiam
1115 2283 1205 2318 nurne-

190 2333 291 2401 τρόπον
307 2332 339 2382 όν
355 2332 484 2396 καλοῖμεν.
656 2365 658 2369 ,
723 2342 768 2378 rus
806 2328 908 2391 pluralis
947 2329 1053 2394 σώματα
1083 2334 1202 2396 offendit,

722 2409 800 2458 quum
820 2393 882 2446 irnee
900 2395 1017 2447 dicuntur
1027 2398 1059 2448 de
1076 2400 1107 2448 iis
1120 2403 1202 2451 omni-

723 2463 787 2525 bus,
811 2463 855 2527 qui
882 2467 998 2529 eorporis
1017 2467 1139 2518 maiorem
1158 2483 1203 2518 cu-

723 2530 777 2579 ra'm
796 2536 890 2594 gerunt
906 2547 981 2596 quum
1006 2535 1086 2585 animi.
1124 2536 1203 2600 Quid,

723 2597 792 2661 quod
816 2598 866 2649 isto
897 2601 1065 2652 multitudiuis
1096 2618 1203 2655 numero

722 2680 766 2715 reo
782 2665 837 2730 ipsu
857 2667 933 2718 etiam
951 2670 1054 2733 gravius
1069 2676 1095 2721 et
1107 2675 1203 2723 maiore

723 2749 781 2783 oum
799 2740 930 2786 contemtu
943 2737 1107 2803 significatur,
1126 2756 1202 2805 quam

721 2816 828 2853 numero
854 2804 990 2869 singulari,
1020 2823 1072 2870 quo
1105 2809 1202 2860 Hein-

722 2869 804 2923 dorf.
835 2888 900 2938 opus
931 2891 990 2925 esse
1022 2879 1138 2941 putabet.
1168 2907 1202 2916 -

719 2940 818 3002 χαίρειν
836 2939 957 3005 τίπάντες,
981 2943 1003 2996 ir.
1024 2962 1045 2994 e.
1066 2960 1131 2997 nou
1150 2963 1201 2997 cu*

720 3012 843 3072 rantes,
862 3017 1066 3074 spernentes
1086 3021 1112 3066 et
1127 3030 1201 3066 eou—
1254 3007 1267 3021 ⁸

226 2432 556 2502 οὔτιοίιιοφθορίαν
574 2427 674 2478 τεκαὶ

190 2522 217 2555 π.
239 2504 284 2568 ομ]
316 2504 377 2553 Voc.
408 2500 599 2565 οἰκοφθορίαι,
624 2497 672 2547 rei

190 2571 367 2622 familiaris
405 2573 585 2626 iacturum,
626 2579 672 2614 eu-

190 2633 282 2702 piieuit
307 2633 531 2703 Wyttenbueir.
558 2632 589 2682 ud
610 2631 669 2681 Piu-

189 2704 271 2753 taron.
293 2720 317 2768 ρ.
338 2702 379 2755 uu.
415 2702 539 2755 Proxinrr
558 2699 618 2750 οὐδὲ
637 2694 672 2748 οὗ

189 2797 224 2808 »-
250 2769 393 2834 ἀπέχονται
429 2770 515 2821 αὐτῶν
544 2770 670 2834 integrum

188 2854 236 2906 per
255 2854 284 2888 se
302 2840 453 2892 sententium
472 2838 573 2890 eiiioere
590 2838 671 2887 verio-

190 2907 255 2958 sime
285 2894 384 2960 monuit
413 2905 589 2961 Heindorf.
631 2904 671 2956 De

188 2978 277 3026 ίπειτα
311 2985 370 3043 post
404 2976 563 3045 participium
599 2975 670 3025 iiiuto

189 3060 212 3094 v.
232 3053 320 3097 onnon.
340 3047 372 3098 ad
390 3065 415 3114 p.
429 3048 470 3103 70.
483 3045 515 3097 Ε.
550 3047 590 3096 De
608 3058 669 3094 sen·

189 3117 271 3168 tentia
291 3117 357 3170 coni.
377 3116 511 3170 Tireaetet.
533 3131 557 3182 p.
580 3113 626 3167 176

225 3221 255 3283 D.
306 3220 440 3285 στόματα
475 3215 669 3271 πλάττοντες

189 3285 225 3354 ἰ]
268 3289 394 3338 Dicuntur
433 3293 506 3350 σῶμα
549 3282 670 3342 πλάττιιν

189 3356 311 3420 proprie,
340 3356 383 3418 qui
412 3367 534 3416 eorpus
562 3350 669 3399 artifi-

188 3424 283 3474 ciose
307 3421 439 3484 fingunt
462 3426 497 3470 et
516 3417 668 3477 formant,

187 3491 304 3540 similiter
336 3495 413 3552 utque
436 3487 529 3538 Latine
554 3483 668 3535 irorniues

187 3557 289 3607 delicati
317 3554 435 3606 dicuntur
466 3555 593 3617 fingere
621 3552 668 3602 iu-

186 3639 337 3685 cessum,
368 3624 502 3685 fingere
530 3622 666 3673 vultum.

186 3692 266 3747 Quod
284 3707 363 3756 quum
383 3692 505 3742 iudicium
516 3689 549 3740 sit
563 3689 666 3752 insignio

185 3761 318 3814 cuiusdam
337 3760 454 3826 eorporis
472 3774 563 3820 curae,
583 3757 665 3816 facile,

186 3831 291 3896 opinor,
316 3830 463 3896 intelligitur
484 3842 587 3878 aeneum
607 3841 665 3877 ver-

186 3897 442 3953 borumeroehuoor
461 3894 663 3963 quiquidem

188 3969 329 4021 animum
351 3982 441 4019 suum
457 3969 593 4026 curaui,
611 3977 663 4014 ne·

186 4051 247 4101 ¹ouo
270 4052 392 4103 corpur
420 4036 519 4088 unice
543 4033 663 4085 eoiuut

186 4111 218 4157 er
240 4104 360 4162 fovent.
398 4106 489 4172 itaque
508 4119 558 4159 uon
576 4103 662 4170 piacet

720 3079 914 3129 temnentes.

757 3145 951 3212 cap.xxx111.
977 3146 1202 3214 χιχνώοκοναι

720 3212 781 3280 γάρ
803 3244 815 3249 -
839 3219 869 3265 oi
887 3217 1116 3282 φιλομαθεῖςΙ
1141 3218 1201 3266 nni-

721 3283 905 3334 nradvertendu
930 3290 971 3334 est
991 3286 1029 3333 vis
1048 3291 1074 3334 et
1091 3299 1201 3335 eonsue-

720 3350 784 3400 tudo
822 3352 952 3402 nominum
989 3350 1144 3416 φιλομαθὴς
1174 3358 1200 3402 et

719 3417 876 3483 φιλόσοφος,
907 3433 973 3482 quoe
1001 3419 1109 3468 subinde
1131 3419 1199 3468 idenr

723 3486 874 3550 significent,
893 3501 971 3550 quum
992 3484 1146 3549 ριλομαθῆς
1168 3489 1201 3537 eit

719 3569 811 3618 genus,
830 3552 974 3618 φιλόσοφος
987 3554 1099 3618 speeies3
1118 3557 1201 3606 omnis

720 3620 866 3689 φιλόσοφος
884 3627 911 3672 ei
928 3619 1092 3686 φιλομαθής,
1110 3629 1200 3675 utnon

717 3695 808 3741 eontra
826 3689 908 3740 omnis
918 3689 1070 3756 φιλομαθής
1088 3690 1156 3744 idem
1167 3694 1200 3744 sit

716 3757 874 3822 φιλόσοφος.
893 3757 977 3810 Quum
987 3760 1198 3814 cousuetudinem

717 3826 836 3877 Cicero
868 3831 973 3875 secutus
1004 3827 1121 3892 frequens
1145 3830 1199 3880 do-

716 3899 788 3945 ctos
820 3898 852 3944 et
882 3894 1105 3949 doctissimos
1138 3914 1198 3964 pro

715 3960 928 4027 philosophis
954 3963 1025 4016 dixit.
1065 3965 1198 4018 Plutoni

714 4028 854 4082 Phaedone
877 4047 903 4097 p.
928 4031 969 4086 67.
996 4032 1025 4083 B.
1058 4036 1084 4082 oi
1107 4032 1197 4099 ὀρθῶς

713 4099 874 4166 φιλομαθεῖς
896 4108 956 4153 sunt
981 4100 1193 4168 piriioeophi:
