2604 4620
435 218 504 294 AD
530 217 864 297 PHAEDONEM-
1137 230 1160 301 ὃ

143 400 200 486 qui
225 411 257 466 te
279 399 395 468 hrbens
419 401 463 467 sd
487 400 608 469 inferos
634 415 805 480 secuturus
827 403 878 468 sit.
909 399 975 469 Cui
998 399 1162 483 Socrates,

142 507 249 551 nonne
267 482 416 564 Evenus,
437 487 619 574 respondit,
643 497 693 554 est
713 487 948 574 philosophus?
972 485 1035 551 Illo
1054 499 1163 554 autem

142 567 204 634 hoo
218 569 412 649 affirmante,
435 570 536 670 igitur
548 595 654 656 neque
668 572 814 650 Evenus‚
828 571 945 656 inquit,
960 582 1096 637 mortem
1111 596 1162 638 re·

91 659 94 664 ’
143 653 279 733 ousobit,
292 677 399 740 neque
407 677 580 738 qursqunm
590 657 684 734 nlius,
698 657 754 740 qui
761 657 893 741 quidem
905 655 1088 742 philosophi
1103 678 1162 723 no-

141 738 226 803 mine
246 740 280 803 di
326 764 368 805 us
386 738 492 804 videri
505 739 591 803 velit.
614 738 810 824 Quanquam
822 741 884 806 hoo
897 741 997 806 nolim
1009 741 1056 806 its
1069 764 1090 805 s
1104 764 1161 807 vo·

140 820 192 888 bis
197 823 273 899 inte
298 823 355 909 'gt
375 844 415 886 ao
431 822 459 887 si
472 821 562 886 ilium
575 821 719 886 iuberem
734 822 796 887 sibi
808 846 940 888 manum
951 825 1087 902 inferre3
1100 825 1162 892 hoe

111 936 113 942 ·
140 907 228 972 enim
241 906 413 973 verissime
427 904 519 970 nefas
531 905 741 991 iudioonu*).

199 990 319 1072 Atqui,
334 989 381 1054 ait
391 986 555 1067 Simmiae,
569 989 720 1055 haeceine
729 986 815 1057 inter
829 1013 864 1056 se
875 991 1065 1069 consentire,
1079 1013 1162 1077 quse

143 1085 181 1139 tu
203 1073 298 1151 diois,
324 1073 534 1158 appetendam
558 1074 687 1158 quidem
708 1096 779 1141 esse
801 1086 948 1154 mortem,
974 1098 1034 1142 neo
1055 1087 1162 1143 tomen

144 1157 296 1242 cuiquam
312 1158 407 1223 iioere
427 1181 462 1224 se
482 1157 591 1244 ipsum
609 1159 815 1226 interimere?
839 1159 915 1247 Ego
934 1172 1036 1238 certe,
1058 1183 1163 1246 quan·

167 1264 241 1306 unm
254 1241 329 1306 olim
345 1241 380 1307 in
394 1242 586 1328 patriamne
599 1243 710 1311 audivi
723 1244 918 1323 Philolaum,
939 1244 1080 1311 nobilem
1092 1244 1162 1330 Py·

197 1348 341 1413 goreum,
367 1327 495 1407 eodem,
521 1351 605 1413 quae
630 1339 666 1394 tu
689 1329 786 1408 diois,
813 1329 1030 1405 dictitantem3
1056 1339 1163 1395 tumen

140 1432 307 1496 nmquam
331 1411 428 1477 huius
449 1413 627 1479 sententiae
647 1414 790 1480 rationes
810 1413 905 1499 plane
927 1413 1019 1512 potui
1040 1435 1162 1500 eogno-

140 1517 230 1562 soere
250 1506 307 1562 aut
320 1497 515 1583 perspicere.
539 1497 650 1580 Quare
671 1499 700 1564 si
714 1511 751 1564 tu
763 1498 838 1564 illas
852 1498 1016 1584 exphoare
1028 1496 1163 1564 uberius

139 1591 172 1646 et
191 1581 380 1648 confirmare
402 1582 523 1648 certius
542 1603 640 1668 posse
661 1582 720 1648 tibi
738 1582 892 1662 videaris,
913 1605 974 1683 ogs
988 1580 1083 1648 nobis
1097 1581 1163 1647 noli

138 1663 283 1731 invidere
301 1689 350 1745 es,
373 1689 456 1750 quae
471 1666 609 1732 dicenda
621 1667 751 1733 hebens.
795 1667 861 1734 His
875 1667 995 1732 auditis
1010 1664 1163 1733 Socrates
1199 1712 1204 1723 ·

142 1771 178 1815 ss
191 1760 343 1832 paratum
357 1750 498 1816 ostendit
517 1751 560 1814 sd
579 1752 787 1835 exponendas
800 1752 849 1816 rei
863 1752 1017 1829 rationes,
1033 1773 1115 1836 quus
1128 1751 1164 1816 in

139 1841 274 1923 promtu
282 1831 427 1907 haberet,
442 1854 525 1914 ques
535 1843 642 1895 temen
657 1856 692 1896 se
701 1856 767 1898 non
779 1835 889 1917 ipsum
898 1835 1060 1918 reperisse
1070 1833 1164 1911 dixit,

140 1917 200 1983 sed
217 1915 318 1981 fondo
336 1913 379 1979 sb
400 1913 473 1978 aliis
493 1913 668 1997 accepisse.
696 1913 820 1979 Mirum
841 1937 936 1992 vero,
955 1916 1079 1999 inquit,
1100 1939 1166 1980 non

139 1999 259 2066 iniuria
277 1998 375 2065 alicui
396 1997 554 2075 videatur,
581 1998 667 2081 quod
686 2007 782 2064 anteo
797 1999 993 2076 dictumest,
1014 1998 1112 2064 etium
1124 1998 1166 2065 iis

139 2082 341 2160 hominibus,
364 2082 420 2166 qui
439 2092 576 2146 mortem
597 2093 749 2181 tanquam
771 2081 892 2148 bonum
912 2083 1042 2167 aliquod
1062 2105 1162 2168 expe·

141 2179 229 2246 tunt,
254 2167 344 2234 nefas
366 2188 437 2232 esse
462 2165 592 2231 sibimet
611 2165 623 2230 i
647 2189 694 2232 srs
713 2166 775 2233 hoo
796 2165 988 2233 beneficium
1009 2166 1161 2247 tribuere,

141 2253 391 2337 sedexspeotsre
401 2272 456 2316 eos
468 2250 596 2328 debere,
635 2251 1160 2340 oneealiusoodemipsosaffioist.

104 2414 107 2419 ¹
138 2337 187 2402 At
207 2337 294 2402 enim
310 2359 387 2402 vero
405 2335 504 2400 habet
523 2335 579 2400 illo
598 2335 757 2402 sententia
774 2336 908 2403 idoneos
922 2347 1092 2422 certasque
1106 2361 1160 2402 ro-

138 2422 252 2488 tiones.
279 2419 366 2486 Nam
383 2420 530 2486 homiues
553 2420 588 2484 in
612 2420 673 2487 hoo
698 2443 832 2506 corpore
857 2445 878 2486 a
902 2422 963 2487 deo
987 2421 1161 2487 immortali

138 2515 293 2590 tanquam
310 2506 345 2570 in
365 2526 493 2571 carcere
508 2505 647 2589 quodum
662 2505 779 2572 inclusi
793 2517 879 2583 sunt,
899 2528 941 2572 ex
955 2528 1021 2591 quo
1034 2505 1161 2571 iniussu

139 2590 256 2655 summi
269 2589 473 2675 imperatoris
487 2589 608 2655 nemini
622 2590 777 2677 oufirgere
790 2591 880 2656 lioet:
900 2601 997 2690 utque
1011 2589 1160 2675 persuasi

138 2674 217 2740 mihi
230 2675 360 2760 penitus
374 2696 447 2740 esse
461 2697 581 2739 numen
596 2673 751 2753 divinum,
767 2675 855 2760 quod
868 2675 1034 2740 hommum
1048 2697 1160 2739 eurum

137 2770 244 2847 gerat,
267 2759 401 2860 eiusque
414 2758 557 2824 numinis
574 2758 720 2825 homines
740 2782 811 2826 esse
826 2781 937 2824 servos
951 2769 1050 2844 atque
1062 2758 1159 2824 minio

138 2854 234 2910 uros.
257 2841 419 2926 Quoorros
437 2843 533 2910 nobis
551 2866 617 2909 non
635 2844 712 2910 lieet
731 2853 844 2909 nostro
864 2843 1023 2909 arbitratu
1043 2866 1084 2909 ex
1098 2843 1160 2909 hso

137 2927 206 2992 vito
219 2928 398 3007 disoedere,
422 2928 481 2994 sed
495 2929 759 3013 exspectandum,
781 2929 884 2993 donee
902 2928 974 3027 ipse
993 2928 1075 2994 deus
1099 2949 1160 2992 nos

137 3011 253 3079 liberet
272 3024 369 3098 atque
382 3013 459 3078 hino
473 3013 661 3079 discedendi
673 3012 901 3078 necessitatem
913 3012 1075 3076 1mmittat.
1104 3010 1161 3073 Ad

137 3095 220 3160 hneo
234 3107 342 3160 eutem
357 3094 480 3172 Cebes,
494 3096 560 3160 ista
574 3095 705 3176 quidem
719 3096 747 3158 si
760 3116 839 3157 vers
853 3104 939 3168 sunt,
952 3093 1069 3175 inquit,
1084 3113 1162 3154 con·

140 3178 299 3262 sequitur,
313 3188 351 3242 ut
365 3177 473 3242 stultis
487 3177 594 3241 animo
607 3197 711 3259 aequo
724 3175 926 3240 moriendum
940 3175 992 3253 sit,
1007 3173 1161 3261 sopiend-

113 3302 117 3309 ·
138 3263 202 3329 bus
217 3285 282 3328 non
297 3262 385 3328 item.
411 3260 544 3326 Etenim
558 3260 692 3326 stultum
713 3259 810 3324 firerit
823 3258 966 3344 profecto
981 3281 1021 3324 ex
1036 3281 1074 3326 oo
1087 3258 1160 3326 looo

137 3348 320 3425 discedere·
330 3345 386 3412 ubi
394 3345 551 3432 optimum
559 3343 724 3409 dominum
731 3342 864 3422 habens,
879 3344 986 3422 deum,
997 3343 1054 3429 qui
1062 3343 1159 3410 saluti

137 3445 214 3499 tuae
228 3431 420 3517 prospiciatt
435 3455 458 3496 n
499 3453 540 3495 ue
554 3429 641 3495 enim
654 3428 817 3495 meliorem
831 3428 929 3494 etism
942 3440 1097 3495 nacturus
1112 3429 1158 3495 sis

136 3517 216 3584 alibi
244 3517 419 3583 domiuum.
491 3514 593 3580 ebetis
624 3513 799 3581 sententiae
830 3513 968 3580 aooessit
992 3511 1156 3579 Simmiae.

137 3603 225 3668 Tum
239 3623 316 3668 vero
333 3598 496 3677 Socrates,'
517 3599 604 3685 agite
616 3598 728 3686 igitur,
743 3622 763 3664 o
777 3597 865 3677 boni,
878 3597 995 3684 inquit,
1010 3599 1156 3684 quando-

159 3688 269 3753 uidem
283 3686 361 3751 mihi
373 3685 463 3751 litem
476 3683 656 3762 intenditis,
671 3706 802 3750 oausam
816 3706 922 3751 meam
936 3685 1025 3769 apud
1038 3706 1096 3749 vos
1110 3683 1157 3748 its

161 3772 254 3850 uam,
280 3780 317 3835 ut
341 3769 433 3835 vobis
458 3791 555 3834 coner
576 3768 647 3834 eius
670 3768 847 3835 bonitatem
868 3767 1006 3854 probare
1026 3768 1155 3844 certius,

188 4050 523 4115 pnmn;mn
