2604 4620
438 268 507 341 AD
535 268 862 347 PHAEDONEM.
979 310 986 315 ·
1116 274 1157 342 17

141 467 219 545 nem·
237 447 311 512 libri
335 451 621 577 prwswntjfflmi
648 522 656 534 ,
760 457 983 536 rationemque
1009 470 1070 523 aut.
1088 472 1163 530 mgr·

141 542 254 613 sprcrat
267 543 323 596 aut
337 544 424 599 recte
439 536 507 598 aad
529 574 562 583 --

139 623 234 700 atque
255 616 421 683 deelarsgm
443 626 542 689 posse
565 602 643 689 quid
661 602 708 666 rei
723 601 774 676 sit,
797 598 1058 688 quandoquidem
1079 620 1165 687 quse

138 697 230 762 eade
245 688 439 777 reflatu-enda
456 698 541 763 sunt,
555 686 742 773 neutiquam
759 685 889 769 longam
904 708 921 747 r
961 684 1074 760 uirunt
1094 683 1162 748 dis·

136 782 343 924 qutatimem
358 787 417 838 aut
430 771 594 857 copiosam
604 780 866 854 argumentorum
891 789 950 832 con
1042 768 1161 833 tionem

568 566 588 583 2.
620 525 660 582 Vr
680 540 771 583 emur
790 532 896 580 autem
909 536 1024 601 paucis
1036 536 1165 599 apeme

138 859 340 1008 dpsideratqt,
365 867 404 920 ut
425 866 500 940 pote
516 853 717 938 satisaperta
737 873 775 915 ac
797 852 1026 935 propemodum
1043 853 1077 916 iu
1092 873 1161 918 mc·

142 967 195 1195 ,0⁰
220 965 423 1174 {iecor
428 1022 583 1194 1³35
588 1022 753 1184 tzur
762 1019 1162 1206 arma

144 1216 227 1271 rum,
248 1215 328 1280 quae
341 1191 533 1256 illustranda
547 1192 673 1268 sumsit,
688 1200 808 1276 purtim
820 1213 864 1288 ex
878 1212 952 1274 rpsa
969 1200 1055 1289 ptae
1067 1210 1163 1287 ,verr-

143 1288 217 1355 tate,
245 1276 364 1376 partim
388 1298 441 1375 ex·
453 1275 678 1424 pllqilosqphiae
701 1273 874 1360 disciphna
887 1283 1053 1359 repetierit
1066 1271 1163 1360 idque

141 1361 232 1462 salva
246 1371 279 1426 et
291 1360 443 1426 mcolum1
523 1372 602 1425 artis
616 1361 645 1460 le
670 1383 698 1438 e,
722 1357 1163 1458 quaeunumquqdqpecpus

139 1445 453 1595 {tillim
465 1439 1162 1613 “itii-iulupiisstlffldpiliiiil

141 1613 216 1680 Vol.
231 1613 259 1677 Ι.
274 1613 364 1679 Part
380 1612 409 1677 Ι.
424 1552 552 1697 prL.
569 1634 640 1700 sqq.
656 1611 706 1676 ed.
721 1613 768 1686 3.;
783 1610 871 1674 idem
892 1609 989 1675 etiam
1008 1610 1042 1674 in
1055 1608 1163 1674 Phac-

141 1698 226 1762 done
240 1697 281 1760 ab
296 1721 334 1761 eo
349 1697 554 1760 observatum
569 1718 640 1760 esse
655 1705 740 1760 certe
753 1715 849 1759 nemo
864 1692 1001 1771 dubitet,
1023 1693 1079 1782 qui
1093 1715 1163 1758 om·

145 1780 198 1844 nis
220 1779 271 1841 dis
293 1778 449 1840 utaticnis
471 1778 617 1840 ordinem
639 1801 678 1840 ac
695 1800 754 1861 pro
795 1776 954 1842 essionem
978 1778 1029 1842 vel
1052 1776 1165 1842 leviter

144 1863 233 1928 anim
277 1858 412 1926 verterit
422 1868 456 1921 et
463 1859 721 1922 consideraverit.
768 1859 915 1921 oniunxit
929 1859 1014 1923 enim
1046 1859 1165 1924 hiloso-

144 1947 230 2034 phus
244 1946 279 2009 in
294 1944 358 2008 hoo
374 1963 520 2008 sermone
541 1941 695 2028 singulari
711 1941 851 2026 quodam
872 1941 1008 2007 artificio
1024 1882 1167 2009 iocaris

86 2060 90 2067 ·
143 2029 313 2096 morientis
338 2025 600 2111 descriptionem,
629 2048 693 2114 qua
715 2024 852 2114 perfecti
877 2026 1032 2115 sapientis
1045 2027 1079 2094 in
1093 2028 1165 2117 ipso

144 2114 260 2180 mortis
280 2111 415 2178 articulo
430 2110 594 2178 constituti
611 2111 718 2202 imago
743 2111 786 2181 ob
812 2112 921 2180 oculos
933 2115 1075 2202 ponitur,
1090 2136 1161 2181 cum

147 2198 357 2283 explicatione
395 2209 679 2286 argumentorum,
706 2198 826 2288 quibus
852 2221 927 2286 spes
953 2211 1049 2302 atque
1077 2196 1159 2267 fides

143 2284 392 2350 immortalitatis
411 2285 591 2350 animorum
605 2286 821 2352 confirmatur.
838 2282 935 2366 Quod
949 2285 1079 2373 qurdem
1094 2283 1158 2350 sol·

140 2368 310 2434 lentissime
323 2369 370 2432 ita
384 2369 529 2454 perfecit,
544 2381 580 2434 ut
599 2369 660 2436 etsi
677 2370 771 2435 facile
785 2368 947 2455 ambigas,
972 2381 1081 2434 utrum
1094 2369 1160 2455 ipsi

143 2453 251 2537 potius
265 2453 372 2518 visum
388 2453 443 2529 sit3
470 2464 576 2518 tamen
601 2477 635 2518 re
655 2453 837 2520 accuratius
856 2453 1059 2519 considerata
1080 2453 1160 2517 alte·

141 2560 213 2602 rum
227 2537 371 2602 alteriita
382 2539 587 2604 coniunctum
598 2561 669 2605 esse
678 2538 858 2625 intelligere
868 2548 1025 2626 quaeant
1034 2547 1160 2601 utrum·

143 2644 206 2709 que
220 2644 354 2706 prorsus
365 2623 476 2688 eodem
491 2623 660 2709 pertineat,
672 2622 934 2711 quandoquidem
945 2633 977 2687 et
986 2622 1095 2708 imago
1107 2644 1159 2687 sa·

142 2706 261 2789 pientis
273 2707 398 2791 placide
410 2730 448 2772 ac
459 2708 640 2796 tranquille,
650 2707 777 2773 fortiter
787 2718 820 2772 et
830 2717 1014 2773 constanter
1023 2717 1159 2771 mortem

141 2788 290 2856 obeuntis
303 2791 409 2856 lucem
424 2815 516 2858 suam
535 2791 653 2876 accipit
667 2816 708 2857 ex
726 2792 976 2856 immortalitatis
997 2813 1160 2856 commen·

112 2948 115 2951 ¹
142 2873 273 2951 tatione,
302 2885 336 2939 et
356 2875 498 2941 vicissim
508 2875 758 2940 immortalitatis
775 2875 919 2940 doctrina
934 2876 1081 2961 exemplo
1098 2871 1160 2939 So·

142 2958 241 3023 cratis
262 2959 401 3023 maxime
422 2959 649 3036 confirmatur,
678 2960 799 3055 quippe
826 2959 881 3040 qui
904 2959 974 3023 eius
994 2959 1163 3022 veritatem

143 3063 211 3103 non
230 3042 328 3104 modo
353 3042 462 3104 verbis
494 3043 553 3104 sed
581 3042 678 3103 etiam
697 3042 794 3103 factrs
816 3040 1002 3123 comprobat
1033 3062 1072 3103 ac
1092 3050 1164 3103 tue·

146 3133 212 3184 tur.
232 3121 397 3183 Nimirum
412 3122 459 3184 ita
477 3121 671 3205 pulcerrimo
690 3121 836 3204 profecto
857 3131 1013 3184 concentu
1032 3120 1116 3184 ratio
1135 3133 1166 3186 et

147 3204 232 3279 vita,
267 3202 414 3267 doctrina
435 3214 474 3284 et,
489 3226 581 3280 usus,
613 3203 751 3287 denique
777 3202 894 3280 ideale,
951 3205 1014 3270 uod
1037 3204 1163 3285 dicitur,

143 3298 179 3353 at
201 3310 242 3351 ue
268 3298 452 3353 concretum
468 3288 511 3351 ¹in
538 3311 637 3351 unum
665 3288 870 3356 coniunctum
892 3227 1036 3356 videmus
1056 3313 1160 3376 neque

142 3311 285 3436 duliam·
319 3371 384 3436 ullo
415 3373 509 3438 modo
537 3382 657 3458 potest,
692 3372 771 3456 quin
804 3373 942 3460 scriptor
974 3376 1160 3441 universum

143 3479 225 3543 opus
251 3479 289 3521 eo
312 3456 444 3522 consilio
466 3456 696 3542 composuerit,
723 3468 762 3521 ut
782 3480 847 3523 uno
868 3460 1042 3546 eodemque
1064 3482 1159 3560 opere

142 3551 209 3605 tam
238 3541 385 3627 exemplo
413 3542 474 3606 viri
502 3563 579 3607 vere
609 3541 763 3629 sapientis
790 3564 888 3627 quam
915 3558 1158 3632 argumentrse

143 3624 366 3712 philosophiae
394 3624 614 3711 penetralibus
645 3627 790 3713 repetitis
822 3627 1068 3696 immortalitatis
1102 3654 1158 3718 spe

144 3709 402 3787 confirmaretur,
440 3710 577 3794 ideoque
610 3710 720 3791 etiam,
761 3712 840 3778 dum
872 3736 1006 3781 caussae
1038 3727 1072 3781 et
1104 3738 1158 3779 ra·

59 3876 62 3880 ι
143 3793 243 3860 tiones
257 3806 391 3895 propter
425 3818 486 3860 uas
501 3795 625 3860 animos
644 3795 840 3864 immortales
861 3821 931 3864 esse
953 3799 1041 3865 credi
1063 3821 1158 3884 opor-

145 3888 237 3958 teret,
270 3817 545 3969 ips1usdocratis
570 3879 767 3948 admirabilis
795 3882 898 3948 virtus
924 3884 1053 3984 inipso
1074 3904 1158 3946 mor-

146 3961 187 4027 tis
207 3964 410 4029 adventantis
430 3964 574 4050 periculo
596 3965 817 4033 demonstrata
836 3968 871 4033 in
891 3968 1069 4034 illustriore
1088 3966 1158 4032 luce

143 4059 324 4132 poneretur.
370 4046 468 4129 Quod
490 4072 554 4134 quo
577 4050 694 4116 clarius
715 4052 917 4139 intelligutur
938 4073 1000 4198 qgc
1022 4049 1158 4137 primum
