2604 4620
136 261 177 320 39
526 211 772 320 Pdur‘ours

827 370 843 404 Q

136 433 182 521 μὴ
210 431 373 517 πρότερον
399 425 505 495 αὑτὸν
530 429 771 497 ἀποκτιννύναι
798 433 874 509 δεῖν,
901 437 980 520 πρὶν
1001 431 1153 517 ἀνάγκην

136 530 252 601 sivoio
282 525 365 606 θεὸς
389 536 568 623 ἑιιιιιέμψῃ,
595 525 699 619 ὥςπερ
726 535 782 598 καὶ
808 528 869 613 τὴν
896 538 958 601 νῦν
975 537 1152 620 παροῦσαν

136 633 224 720 anv-
970 642 974 649 ’

212 729 298 820 Cap.
330 731 404 798 Vll.
452 728 543 798 Ἀλλ’,
575 728 678 809 εἰκός,
704 737 767 822 ἔφη
793 731 810 799 ὃ
837 736 964 821 Κέβης,
990 733 1090 800 τοῦτό
1115 761 1150 816 γε

137 836 305 922 φαίνεται.
332 828 350 898 ὃ
377 840 490 918 μέντοι
517 836 577 899 νῦν
603 829 643 913 δὴ
671 837 788 917 ἔλεγες,
821 832 859 902 τὸ
894 832 977 913 τοὺς
1011 831 1150 922 φιλοσό-

138 959 224 1020 φους
257 931 378 1021 ῥαδίως
408 929 454 998 ἂν
486 937 615 998 ἐθέλειν
648 931 898 1015 ἀποθνήσκειν,
926 943 1008 1004 ἔοικε
1037 937 1148 1012 τοῦτο,

81 1029 105 1087 Ι)
138 1023 163 1099 ὦ
191 1031 389 1120 Σώκρανες,
424 1030 562 1116 ἀτόπῳ,
598 1032 687 1120 εἴπερ
714 1031 732 1100 ὃ
759 1039 820 1102 νῦν
855 1035 895 1120 δὴ
922 1043 1071 1122 ἐλέγομεν
1098 1034 1150 1118 εὐ·
1184 1113 1186 1117 ι

206 1299 282 1385 πρὶν
306 1294 460 1362 ἀιιῖγκην]
490 1296 601 1350 Beller.
621 1304 647 1349 et
673 1297 748 1348 Turr.
775 1295 808 1347 de
833 1297 977 1348 coniectura
998 1295 1149 1346 Heindorri·

136 1369 194 1435 πρὶν
213 1368 243 1416 ἂν
262 1364 379 1450 circipene
415 1367 443 1415 lu
462 1365 557 1415 Flor.
550 1383 563 1415 r
584 1368 786 1431 superscriptum
810 1385 842 1414 αν
868 1373 927 1429 post
945 1363 1013 1414 τιιιί.
1049 1363 1149 1414 Deinde

139 1437 152 1486 ὁ
173 1444 232 1487 urite
252 1434 318 1489 θεὸς
339 1433 413 1482 Bodl.
433 1449 510 1497 supra
530 1450 633 1484 versum
654 1436 810 1499 adscriptum
832 1434 915 1484 liniret.

206 1505 235 1556 D.
274 1502 334 1551 τὸν
361 1500 621 1566 ἐπιμελούμενον
646 1502 746 1567 ›ipoirl
773 1505 844 1552 Unus
871 1503 926 1555 Vat
951 1498 1146 1566 ἐπιμελόμενον·

135 1573 202 1623 unde
229 1572 304 1622 etiarn
330 1576 405 1619 antea
432 1571 462 1622 B.
492 1573 622 1633 vulgarem
647 1573 757 1622 sormam
781 1572 858 1622 tenui.
895 1571 963 1621 lutra
986 1586 1010 1634 p.
1037 1570 1096 1657 115.
1115 1568 1146 1617 Β.

137 1657 227 1691 omnes
246 1636 452 1705 ἐπιμελούμενοι.
474 1639 540 1690 conf
562 1643 634 1706 Apol.
654 1659 679 1707 p
697 1639 739 1693 29.
759 1641 790 1693 D.

171 1806 616 1893 πρὶναιᾶγκηντιιᾶ-ἒπι·

136 1885 268 1943 ntprpn]
304 1876 519 1928 Bellerus
504 1898 534 1924 nv
557 1884 618 1942 post

136 1948 416 2081 dtdifiinscidii'etctdiir:
426 1947 616 2077 q(iidodfldedlrni-

135 2076 184 2136 tait
204 2089 275 2133 certe
294 2088 382 2162 potest
404 2097 435 2131 un
460 2081 546 2129 facere
565 2096 615 2129 non

136 2152 254 2201 debuerit
294 2150 331 2198 rir
368 2147 615 2214 praestantissimus.

135 2219 221 2271 Quum
242 2218 307 2267 enirn
327 2223 420 2280 poetae
439 2217 523 2280 μέχρι,
542 2215 613 2280 ἄχρι.

135 2289 208 2349 πρίν,
227 2286 286 2348 i'wc,
312 2286 366 2335 sine
382 2282 413 2332 ιῖν
432 2298 489 2332 cunr
509 2284 614 2342 sirbiun·

135 2356 202 2406 ctiro
238 2354 348 2404 maxime
376 2353 540 2416 frequentare
569 2367 612 2401 so·

135 2427 204 2490 leant
240 2423 285 2489 (ci.
324 2422 458 2471 Brunclr.
496 2419 528 2469 ad
562 2419 614 2470 So-

134 2477 218 2558 plrocl.
246 2491 311 2542 Oed
337 2491 392 2540 Col.
416 2487 474 2542 393.
503 2487 535 2538 ud
559 2490 616 2538 de-

134 2562 236 2625 sclryl.
252 2561 324 2623 Sept.
337 2575 359 2608 c
369 2557 442 2608 Tlreb
463 2555 521 2608 259
538 2557 617 2606 Por-

134 2643 202 2678 son.
223 2577 360 2678 addrest.
387 2624 443 2678 141.
468 2625 615 2675 Lobeclr.

134 2695 166 2755 ad
187 2696 257 2747 liac.
277 2693 336 2747 759.
361 2693 536 2744 Sebaefer.
556 2691 614 2743 ibid.

132 2780 158 2813 v.
180 2763 253 2816 1074.
271 2763 379 2812 Monlr.
403 2761 435 2811 ad
456 2763 552 2812 Alcest.
572 2759 612 2812 76.

49 2843 55 2851 ⁸
134 2832 296 2883 Matthiae
338 2830 370 2880 ad
411 2831 513 2880 Hecub.
554 2827 614 2883 250.

133 2898 311 2951 Heindorf.
346 2899 379 2948 ad
415 2899 553 2962 Protagor.
590 2915 613 2963 p.

133 2968 217 3035 592),
236 2968 296 3033 qrrid
309 2982 404 3018 causae
418 2984 477 3018 esse
490 2968 613 3031 dicamus,

133 3053 179 3088 cur
215 3037 321 3089 eundern
358 3036 484 3088 rationem
514 3038 614 3087 solutae

133 3104 256 3158 erationis
296 3105 466 3170 scriptoribus
507 3121 613 3169 prorsus

133 3175 289 3236 eripiendam
306 3190 363 3223 esse
373 3173 542 3224 statuamus?
562 3176 613 3223 Ac-

133 3242 216 3301 cedit,
240 3241 309 3302 quod
337 3242 400 3290 satis
428 3242 521 3291 idonea
539 3241 613 3290 liuius

133 3308 258 3358 libertatis
290 3322 368 3355 causa
401 3309 487 3356 afferri
517 3313 613 3370 potest,

132 3390 205 3438 quam
225 3372 369 3437 neglexisse
382 3373 499 3424 ridentur
518 3375 560 3436 qui
580 3374 612 3423 de

132 3443 179 3493 hac
209 3458 238 3491 re
267 3442 307 3489 vel
339 3441 423 3490 obiter
453 3443 492 3491 vcl
524 3441 610 3491 dedita

132 3526 211 3576 opera
230 3510 402 3574 disputarunt.
435 3508 535 3559 Etenim
548 3525 611 3558 con-

132 3579 278 3639 iunctirus,
302 3579 422 3641 quoniam
448 3578 494 3628 iam
520 3585 610 3627 natura

132 3663 180 3698 sua
198 3647 315 3696 declarat,
329 3645 371 3708 id,
391 3645 459 3708 quod
479 3648 609 3696 extrinse-

131 3733 176 3767 cus
200 3729 350 3779 suspensum
376 3719 432 3774 est,
459 3714 609 3778 critiquiori-

130 3787 178 3837 bus
197 3783 305 3833 Graecis
324 3797 374 3832 non
389 3751 525 3831 videbatur
544 3782 609 3833 indi-

129 3849 241 3920 gereris
260 3851 402 3916 particula,
426 3850 468 3899 ubi
495 3850 609 3900 indican-

129 3925 189 3974 dum
209 3926 280 3973 esset
297 3919 332 3981 id,
352 3918 420 3983 quod
437 3918 537 3969 aliunde
549 3936 608 3969 sus·

129 4005 236 4072 pepsum
267 3993 345 4040 esset.
395 3987 484 4068 ltaque
514 3994 607 4051 poetas

30 4063 33 4067 ’
129 4060 216 4129 epicos
240 4063 317 4123 atque
343 4055 470 4136 tragicos,
495 4061 534 4119 et,
560 4057 607 4106 nisi

128 4119 215 4190 latior,
237 4128 314 4178 etiam
334 4124 463 4188 comicos,
489 4093 606 4176 videmus

668 1810 884 1891 frequentissime
899 1810 983 1858 solum
1008 1805 1148 1855 coniuncti-

667 1895 727 1931 vum
751 1879 844 1928 omissa
866 1873 898 1925 oia
924 1876 1048 1942 porticula
1073 1888 1148 1921 usur-

667 1965 755 2012 passe,
775 1947 881 1997 naturali
900 1945 1011 2011 quodam
1031 1941 1147 1992 veritatis

668 2032 744 2066 sensu
778 2016 880 2064 ductos.
922 2015 1020 2064 Postea
1051 2015 1147 2068 autem,

667 2089 800 2133 crescente
824 2083 955 2147 paullatim
976 2078 1148 2146 perspicuita-

666 2152 699 2199 tis
717 2150 820 2208 studio,
839 2150 936 2199 factum
957 2155 1012 2209 est,
1033 2153 1074 2209 ut,
1094 2161 1146 2209 quo

666 2219 763 2269 facilius
795 2217 905 2267 facultas
940 2231 1025 2265 rerum
1064 2216 1147 2264 aliun·

666 2287 699 2337 de
724 2300 851 2349 suspensa
883 2285 1084 2347 intelligeretur,
1115 2281 1147 2329 du

665 2354 791 2420 particula
816 2352 902 2403 inferri
931 2353 1042 2402 soleret:
1075 2350 1146 2414 quod

666 2438 717 2472 uon
742 2421 876 2472 miraberis
900 2437 932 2472 eo
955 2425 1073 2482 ternpore
1098 2434 1145 2483 po-

667 2492 794 2541 tissimum
830 2491 884 2539 lieri
924 2494 1042 2552 coeptum
1076 2503 1143 2549 esse,

667 2575 718 2623 quo
746 2559 841 2608 Graeci
869 2557 997 2622 pedestris
1021 2555 1146 2606 orationis

667 2643 748 2692 genus
773 2628 858 2677 colere
882 2627 1053 2677 instituerunt.
1090 2622 1144 2674 Sed

667 2696 759 2745 mirum
789 2701 875 2745 tamen
908 2695 988 2755 foret,
1024 2695 1045 2741 si
1083 2706 1145 2741 usus

666 2764 790 2814 maiorum
814 2761 874 2813 inde
899 2764 932 2813 ab
955 2763 998 2812 illo
1030 2767 1146 2825 tempore

666 2832 732 2882 adeo
752 2832 912 2893 evanuisset,
937 2836 965 2880 ut
988 2845 1020 2880 ne
1042 2829 1145 2877 minima

665 2900 767 2964 quidem
787 2901 853 2950 illius
879 2899 988 2962 vestigia
1007 2897 1145 2948 remansis-

665 2974 730 3020 sent.
764 2970 903 3019 Enimvero
916 2959 966 3018 non
979 2967 1061 3015 solum
1081 2979 1145 3029 poe-

664 3044 707 3087 tae
724 3038 858 3104 pristinam
877 3037 944 3087 illam
962 3033 1083 3098 loquendi
1102 3048 1144 3082 ra-

665 3106 761 3157 tionem
780 3121 862 3170 usque
875 3104 1078 3169 frequentabant,
1096 3100 1144 3150 sed

665 3190 697 3225 ne
715 3191 793 3225 causa
815 3173 917 3239 quidem
931 3175 982 3223 ulla
993 3177 1058 3235 erat,
1077 3185 1143 3234 quae

665 3242 698 3290 ad
717 3248 869 3307 perpetuum
889 3248 915 3291 et
933 3245 1098 3290 constantem
1113 3238 1143 3287 il-

665 3308 713 3356 lius
725 3311 845 3359 voculae
852 3319 925 3357 usum
941 3307 1085 3370 impelleret
1099 3311 1143 3354 aut

664 3382 777 3439 cogeret.
820 3375 896 3426 Quae
922 3389 998 3436 quum
1024 3373 1058 3421 ita
1081 3373 1140 3434 sint,

663 3443 783 3506 equidem
808 3457 859 3491 non
883 3441 973 3490 dubito
998 3441 1029 3490 ab
1056 3455 1141 3491 earum

662 3513 788 3562 sententia
816 3509 964 3570 discedere,
996 3511 1038 3572 qui
1061 3509 1141 3574 pede-

661 3580 723 3630 stris
747 3579 867 3630 orationis
880 3619 882 3622 ,
897 3577 1065 3643 scriptoribus
1092 3594 1141 3642 pu-

662 3654 717 3698 tant
739 3662 867 3712 nunquam
893 3647 995 3696 licuisse
1021 3648 1079 3696 solo
1111 3663 1141 3696 ac

660 3716 730 3776 nudo
755 3716 917 3777 conjunctivo
942 3715 993 3776 uti,
1019 3721 1096 3778 atque
1117 3715 1141 3764 in

661 3801 692 3834 ea
710 3801 767 3835 sum
782 3784 909 3849 opinione,
929 3787 967 3842 ut,
987 3782 1068 3832 sicubi
1081 3798 1139 3832 sen-

660 3854 755 3904 tentiae
778 3853 844 3903 tatio
870 3853 920 3902 iarn
947 3866 1041 3916 perse
1064 3856 1140 3914 pate-

659 3927 700 3971 ret
726 3929 769 3972 arrt
792 3922 875 3970 minus
901 3920 1013 3985 graviter
1031 3920 1138 3969 actionis

659 3988 819 4040 extrinsecus
845 3989 980 4054 pendentis
1005 3987 1070 4038 ratio
1097 4003 1138 4038 er-

657 4062 698 4108 set
716 4056 891 4122 significanda,
910 4056 988 4108 etlam
1008 4056 1032 4106 in
1052 4057 1137 4107 soluta

657 4127 772 4176 oratione
793 4125 825 4174 dr
837 4124 905 4176 istud
921 4125 1004 4177 omitti
1022 4124 1138 4192 potuisse
