2604 4620
192 205 236 269 ta
552 198 806 267 Patronus

192 380 297 457 δοκεῖ,
331 365 357 443 ὦ
392 378 536 462 Φαῖδρε,
569 358 825 463 προβιβλῆσθαι
858 368 939 459 ἡμῖν
973 369 993 443 ri
1030 370 1143 463 λόγος
1175 371 1212 447 tri

191 475 304 556 ἁπλῶς
347 472 452 555 οὕτως
493 482 725 564 παρηγγέλθαι
764 473 973 559 ἐγκωμιάζειν
996 473 1157 561 Ἔρωτα.
1185 483 1214 545 ti

193 581 254 665 μὲν
279 573 344 664 ’γὰρ
371 575 415 657 εἷς
443 568 483 660 ἦν
508 576 665 663 ὁἝρως,
693 578 800 653 καλῶς
825 570 869 641 ἂν
894 575 973 661 εἶχε·
1000 580 1076 657 νῦν,
1100 581 1140 645 δέ
1165 616 1212 629 -

195 677 237 747 ori
265 677 329 764 γάρ
355 684 444 763 ἔστιν
470 677 525 763 εἷς.
557 680 603 766 μὴ
630 679 728 757 ὄντος
753 680 787 742 δὲ
813 671 887 755 ἑνὸς
911 674 1119 766 ὀρθότερόν
1145 686 1212 749 ἐστι

136 796 161 856 ι)
192 777 354 867 πρότερον
368 770 630 869 ,πρὸρῖῥιρδῆναα
655 777 778 849 ὁποῖον
802 781 851 843 δεῖ
875 784 1036 846 ἐπαινεῖν.
1065 776 1134 865 tyci
1152 771 1211 851 οὖν

193 879 392 968 πειράσομαι
411 887 510 949 τοῦτο
527 881 853 970 ἐπανορθώσασθαι,
871 881 1005 968 πρῶτον
1018 883 1089 968 μὲν
1105 878 1211 973 ''Epar-

258 1111 289 1161 D.
325 1107 453 1161 <inuios
470 1108 518 1157 dai
535 1107 705 1175 ἐπαινεῖν]
733 1109 825 1163 Herm.
841 1109 984 1163 inTeubn.
1003 1106 1041 1160 de
1060 1124 1113 1163 no
1132 1112 1208 1163 refin-

189 1180 229 1231 xit
254 1177 392 1244 ὁιιόιιριιν.
434 1177 541 1228 Factum
567 1178 672 1228 notiem.
707 1176 772 1229 Nam
797 1180 907 1246 dupiicia
935 1178 1045 1230 Amoris
1071 1178 1206 1232 distinctio

191 1249 313 1316 deinceps
332 1249 434 1298 demum
454 1246 567 1296 affertur.

259 1318 290 1368 Ι).
324 1315 609 1381 Ἀφραδῖιη.ριιᾶς
626 1307 756 1378 piratis
773 1314 894 1381 οὔσης]
918 1313 985 1367 vett
1009 1314 1206 1385 adiutam-

190 1386 256 1451 δῖτη.
276 1385 374 1449 seusana
392 1386 420 1434 dt
436 1388 500 1447 ptris
516 1387 561 1449 ptr
579 1381 666 1446 οὔσης.
703 1383 780 1436 Quod
793 1384 918 1447 dedimus,
938 1384 963 1435 id
977 1392 1124 1451 acceptum
1137 1387 1206 1439 refe·

190 1455 271 1504 rimus
296 1455 371 1506 Bodt.
394 1453 454 1503 Par.
480 1454 511 1503 Ι).
532 1452 620 1501 ΛιιιΙιι.
645 1454 707 1516 Aug.
732 1468 762 1502 ιι.
787 1468 810 1503 n.
837 1452 905 1506 Fior.
925 1467 949 1505 a.
967 1468 990 1506 c.
1010 1453 1027 1506 i.
1059 1454 1119 1506 vu„
1140 1454 1167 1508 d.
1184 1470 1205 1508 r.

191 1523 254 1573 Veu.
273 1530 291 1576 t.
309 1528 350 1583 et,
368 1522 436 1585 qnod
456 1522 539 1585 magni
559 1521 682 1570 momenti
701 1528 750 1584 est,
769 1522 844 1573 etiam
865 1522 921 1574 Vnt.
933 1520 976 1584 A,
994 1537 1077 1586 quem
1097 1524 1203 1577 nunus

191 1591 288 1642 diserte
310 1591 442 1642 annotarit
463 1591 499 1642 ita
523 1590 644 1656 scriptum
667 1588 771 1642 trabere.
811 1592 953 1643 Praeterea
976 1588 1081 1657 ταύτης
1103 1594 1130 1643 rit
1148 1608 1201 1647 ona.

188 1760 351 1826 aliquatenus
374 1758 479 1810 haberet
501 1759 665 1809 consentien-
715 1764 804 1825 potest
827 1758 912 1822 colligi
940 1758 1072 1823 probabili
1098 1762 1201 1814 nanas

188 1839 257 1895 tem3
286 1831 421 1894 utriusque
444 1827 576 1891 scriptoris
601 1843 664 1877 con·
716 1827 870 1879 Pausaniam
888 1828 1055 1893 scriptionem
1073 1832 1198 1883 mussa

189 1915 280 1952 sensns
314 1898 374 1950 iude
410 1896 510 1946 videtur
545 1896 665 1961 explicari
716 1896 741 1947 in
752 1899 842 1962 vulgus
853 1897 976 1947 emisisse.
991 1898 1062 1952 cons.
1081 1900 1195 1951 Groen

190 1985 281 2035 posse,
300 1967 368 2032 quod
389 1965 542 2017 Pausaniam
561 1972 666 2015 cousta-
717 1980 778 2016 vun
798 1966 1005 2019 Prinsterer.
1032 1966 1188 2033 Prosopogr.

190 2040 235 2087 bat
252 2036 362 2086 t'ortaase
381 2034 510 2094 Eleorum,
528 2032 666 2083 Tirebano-
718 2034 813 2098 prot.
843 2033 993 2085 Audieudns
1004 2036 1077 2101 igitur
1094 2034 1187 2085 artre-

189 2121 246 2155 rum
264 2107 422 2166 aliorumque
441 2103 594 2167 populorum
616 2101 665 2151 hoo
717 2118 833 2166 naeus,
858 2105 900 2168 qui
927 2103 946 2153 V
979 2105 1014 2158 56
1049 2103 1190 2169 praefracta

189 2173 215 2223 in
238 2188 332 2237 genere
358 2171 470 2221 instituta
495 2171 596 2231 cognita
619 2170 665 2220 ira·
716 2179 793 2237 negat
824 2173 989 2237 scriptionem
1023 2172 1148 2227 eiusmodi
1176 2188 1195 2225 a

186 2241 257 2291 bere.
294 2238 373 2293 Quod
391 2244 477 2289 nutem
498 2252 546 2287 nos
564 2239 588 2288 in
607 2255 664 2291 eam
716 2241 843 2292 Pausania
863 2257 922 2292 osse
942 2244 1145 2308 compositam„

186 2308 290 2360 deducit
306 2307 468 2372 opinionem,
498 2314 528 2357 ut
546 2323 596 2358 nou
614 2322 664 2373 pu·
748 2308 784 2360 τὰ
808 2308 911 2368 ἁπλῶς
935 2308 1041 2369 οὕτως
1057 2310 1195 2379 -Ἐριι-

184 2385 270 2430 temus
304 2377 336 2428 ad
364 2378 453 2427 librum
491 2392 505 2426 a
537 2377 664 2427 Pausania
713 2377 767 2444 τα]
795 2374 872 2430 Haec
894 2393 942 2444 per
964 2382 1127 2445 epexegesiu
1149 2380 1196 2435 ad-

184 2451 308 2514 scriptum
326 2446 433 2511 respici,
458 2445 518 2496 iliud
547 2453 587 2496 est
606 2462 661 2497 ma·
714 2447 767 2498 dita
788 2455 861 2510 sunt,
880 2455 908 2498 ut
927 2462 1113 2513 praegressum
1131 2468 1196 2515 apc-

183 2518 269 2576 xime,
286 2515 355 2581 quod
373 2531 440 2580 quae
458 2531 472 2564 a
491 2514 662 2580 Xenophonte
710 2518 857 2581 βιβῖῆιιιαι
888 2514 902 2564 o‘
940 2515 1020 2581 λόγος
1050 2520 1195 2571 accuratius

183 2587 330 2637 tribuuntur
357 2584 514 2644 Pausaniae,
545 2600 574 2633 ea
606 2598 662 2633 ma·
712 2587 854 2650 explicetur
881 2584 929 2636 troc
960 2601 1054 2638 seusus
1082 2596 1194 2653 quate·

182 2669 257 2718 gnam
277 2652 527 2717 partemaPiatone
542 2652 661 2702 Phaedro
712 2668 768 2703 nus
808 2656 854 2703 sic
894 2655 1101 2720 simpliciter
1143 2662 1194 2711 eta.

181 2722 312 2785 adscripta
332 2737 389 2772 essa
405 2719 521 2770 videmus
546 2719 579 2769 ct'.
598 2723 662 2771 Xe-
710 2723 802 2786 ltaque
825 2738 855 2772 ea
879 2738 936 2774 cum
954 2724 1133 2777 Rrickerto
1149 2740 1194 2787 ao!

182 2791 278 2855 uopir.
306 2791 373 2841 Viti·
398 2787 439 2841 32.
468 2788 601 2842 Platon.
634 2804 667 2861 p,
711 2793 825 2840 cusatiro
850 2807 912 2841 casu
938 2793 1090 2857 accipienda
1118 2802 1194 2861 puta-

183 2860 242 2914 178.
262 2858 293 2911 [i.
320 2854 465 2923 Xenoph.
491 2857 558 2909 vul.
577 2858 597 2923 ᾗ.
617 2857 659 2911 3ὶ.
711 2875 778 2915 mus.
814 2858 1018 2926 Nonprobanda
1037 2870 1079 2913 est
1098 2864 1192 2917 Hon-

181 2930 267 2982 Piat.
301 2945 325 2994 p.
357 2927 414 2982 ttt.
441 2931 471 2979 Α.
507 2924 658 2992 Xenoph.
711 2928 800 2980 metii
819 2931 898 2992 ratio,
921 2930 963 2994 uui
983 2946 1015 2981 ea
1039 2947 1088 2996 per
1107 2934 1192 2989 excia-

182 2999 252 3052 vtrr.
270 2996 313 3051 34.
332 2996 374 3050 35.
410 2992 478 3049 nont
500 2996 568 3060 quod
589 2996 659 3047 Pau·
711 2999 851 3051 mationem
869 2998 954 3065 posita
972 3016 1030 3051 esse
1049 3003 1160 3057 certauit.

183 3069 270 3119 saniae
288 3068 354 3133 apud
374 3066 511 3118 Platonem
530 3065 659 3117 sententia
743 3104 798 3150 νῦν
817 3100 930 3151 ,pp-05
946 3099 1015 3169 γάρ]
1028 3102 1095 3155 Vide
1104 3108 1191 3157 annot.

183 3134 659 3269 :tntanarumut
711 3169 744 3221 e
1012 3188 1034 3224 ι·
1051 3172 1174 3227 uu·

183 3274 253 3326 <tuit
272 3274 369 3336 igitur‘t
387 3288 446 3322 rrum
463 3273 599 3323 verisimile
618 3278 659 3325 est
744 3273 778 3326 D.
798 3271 922 3331 Πόντιι
938 3273 1000 3341 γὰρ
1017 3276 1118 3343 ἴσμεν,
1134 3270 1189 3335 δη

183 3342 339 3400 Platonem,
374 3342 396 3391 si
425 3340 456 3390 ad
493 3342 657 3407 scriptionem
709 3340 766 3392 oda
795 3344 881 3392 ῖστιν
911 3342 986 3393 ἄνευ
1005 3343 1064 3408 Ἑρ.
1085 3338 1188 3409 ’An-1

183 3410 293 3472 aliquam
327 3410 469 3460 Pausaniae
502 3411 657 3476 respexisset,
708 3412 911 3475 Argumentatur
934 3412 1002 3463 huuc
1025 3414 1050 3463 iu
1070 3412 1190 3469 modum

183 3477 380 3526 commissurum
409 3477 504 3542 tuisse,
541 3487 569 3529 ut
603 3481 659 3529 eius
709 3479 836 3533 Venerem
870 3489 971 3532 constat
993 3489 1123 3548 perpetuo
1152 3479 1190 3533 att

183 3545 288 3595 decreta
320 3551 346 3594 et
377 3545 495 3596 Phaedro
526 3548 660 3607 tribueret,
709 3549 782 3599 socio
802 3556 828 3600 et
846 3555 979 3601 sectatore
997 3552 1104 3604 Amore.
1122 3548 1192 3616 (Nae

183 3613 335 3681 praesertim
366 3627 443 3676 quum
473 3615 544 3665 iilum
576 3617 659 3682 ipsum
709 3632 759 3681 que
784 3619 852 3669 enim
885 3619 1018 3670 nurliebris
1049 3619 1135 3683 gratia
1163 3622 1192 3671 ct

183 3682 300 3734 convivio
319 3681 444 3732 iuteresse
464 3682 584 3734 iusserit‘t
621 3689 659 3733 Αιι
709 3693 832 3736 uenustas
853 3691 969 3740 masculo
988 3703 1079 3740 amore
1094 3684 1192 3753 mter.)

182 3751 382 3817 Xenophontem
412 3751 555 3814 putabimus
591 3752 660 3802 Pau·
708 3755 763 3807 lam
783 3769 832 3805 una
852 3756 873 3805 si
896 3764 967 3807 esset
986 3757 1087 3821 Venus,
1111 3756 1192 3809 etim

183 3822 271 3873 sanine
297 3819 450 3871 seutentiam
481 3820 582 3871 Socrati
611 3836 658 3873 suo
710 3838 776 3874 uuus
795 3826 876 3874 Amor
895 3830 975 3877 esset.
1011 3824 1127 3879 Quando
1143 3838 1192 3879 ane

182 3888 324 3942 tribuisse?
359 3888 459 3951 Nimia,
478 3887 576 3952 fateor,
596 3889 659 3941 haec
708 3898 762 3944 tem
785 3891 852 3951 duae
875 3900 937 3944 surrt
958 3894 1088 3957 Veneres,
1111 3892 1191 3949 stan

181 3960 251 4012 foret
273 3958 383 4024 fingendi
401 3958 517 4021 licentia,
544 3973 576 4009 ne
598 3959 659 4022 quid
709 3961 760 4011 dno
786 3964 898 4011 Amores
932 3963 983 4014 sint
1005 3978 1115 4015 necesse
1140 3966 1191 4016 est

182 4030 283 4094 gravius
314 4028 407 4080 dicam.
457 4025 564 4078 Accedit
589 4027 658 4092 qnod
709 4031 814 4081 Certum
834 4035 875 4079 est
891 4038 979 4083 autem
998 4032 1193 4085 duasVenaru

183 4110 216 4148 ex
240 4099 284 4149 iito
314 4099 373 4149 ioco
396 4095 575 4164 Xenophontis
607 4112 659 4149 non
708 4097 826 4164 reperiri.
867 4101 957 4153 Altera
978 4106 1051 4155 certo
1074 4098 1191 4167 dudan,
