2604 4620
377 218 749 303 suurosrump.
771 220 901 286 reuss
971 247 973 253 ·
1110 226 1154 288 sc

145 421 194 465 τα·
213 393 346 488 φράσαι
370 392 412 466 ὃν
435 399 486 465 δεῖ
509 403 671 474 ἐπαινεῖν,
707 399 819 463 ἔπειτα
852 400 1023 466 ἐπαινέσαι
1053 394 1153 478 ἀξίνῃ

145 500 207 567 τοῦ
232 499 349 565 θεοῦ..
380 495 514 577 Πάντες
538 491 603 583 γὰρ
639 495 750 581 ἴσμεν,
785 491 839 564 ὅτι
869 494 930 566 οὐκ
959 501 1049 566 ἔστιν
1071 492 1151 566 ἄνευ

137 594 283 686 Ἔρωτος
306 595 498 688 Ἀφροδίτη.
531 600 611 683 μιᾶς
641 600 702 682 μὲν
730 584 792 663 οὖν
817 592 935 680 οὔσης,
969 593 1016 677 εἶς
1039 591 1084 666 ἂν
1108 587 1152 681 ἦν

137 696 260 786 Ἔρως·
287 702 355 766 ἐπεὶ
381 703 415 766 δὲ
442 697 483 780 δὴ
510 697 570 766 δύο
594 695 697 776 ἐστόν,
722 695 782 763 δύο
801 693 932 782 ἀνάγκη
956 703 1014 767 καὶ
1027 693 1152 789 Ἔρωτι

147 798 241 870 εἶναι.
276 803 347 878 πῶς
380 798 427 869 δ”
451 796 491 867 οὐ
518 798 577 869 δύο
602 795 644 865 rs)
672 795 762 880 θεάς
798 794 819 878 ἡ
846 805 906 884 μέν
929 803 965 885 yi
989 824 1056 869 που
1075 824 1154 889 προ·

148 903 290 993 σβντὲρα
316 903 372 968 καὶ
395 897 555 989 ἀμήτωρ,
584 897 737 992 Οὐρανοῦ
762 896 941 989 θυγάτηρ,
968 895 1011 983 ἣν
1036 895 1076 982 δὴ
1098 902 1155 971 καὶ

146 1132 230 1184 Coial.
253 1132 313 1184 Par.
340 1130 428 1183 EFK.
453 1130 511 1183 Vct.
533 1144 560 1182 u.
582 1144 604 1181 a.
629 1129 700 1183 Flor.
724 1130 750 1181 b.
766 1135 793 1180 et
810 1130 886 1183 secu.
904 1127 1014 1196 Rclugg.
1032 1129 1111 1198 Phys.
1128 1148 1156 1199 ρ.

146 1200 192 1256 23.
212 1202 346 1255 Bellerua
364 1193 412 1254 οὖν
430 1199 530 1261 omisit,
557 1199 582 1250 iu
606 1199 701 1263 ceteris
723 1198 856 1251 uobiscum
884 1200 1055 1253 consentiens.
1089 1201 1156 1254 Dein

148 1264 180 1335 ἦν
197 1268 306 1339 ὅἜρως
323 1270 384 1322 Pur.
403 1269 436 1321 Κ.
455 1268 515 1321 Vui.
535 1283 560 1335 p.
578 1260 613 1329 εἷς
631 1264 666 1319 ἂν
685 1260 734 1318 οὖν
746 1265 825 1335 Ἔρως
843 1266 912 1321 Fior·
932 1283 956 1320 n.

218 1372 292 1424 irai
309 1373 344 1424 tt
361 1370 398 1436 δὴ
417 1367 457 1424 δυ’
463 1372 495 1441 ο]
521 1370 548 1424 di
570 1371 716 1424 restitutum
735 1385 750 1423 s
771 1367 847 1423 Bodl.
867 1369 924 1423 Vat.
942 1369 975 1424 Δ.
992 1369 1067 1425 vind.
1086 1369 1110 1426 1.
1128 1368 1155 1426 2.

148 1443 217 1508 Aug.
234 1454 266 1492 w.
284 1440 343 1494 vat.
362 1458 383 1493 r.
403 1441 488 1493 Palut.
1008 1472 1011 1476 -

219 1540 282 1594 δύο
300 1539 339 1592 ni
357 1538 429 1608 θεά]
449 1540 479 1590 V.
497 1536 530 1591 τὰ
549 1538 613 1604 θεά,
631 1547 736 1607 praeter
748 1541 826 1595 iidem
839 1539 965 1595 codicum.
998 1543 1063 1597 Dein
1077 1543 1157 1600 Coisl

150 1613 212 1666 Par.
235 1610 298 1662 DK.
318 1609 375 1661 vat.
394 1626 420 1676 p.
441 1607 455 1674 ἡ
474 1613 519 1677 μὲν
535 1608 585 1677 γάρ
602 1626 662 1660 που.
843 1630 846 1635 ¹

150 1781 304 1849 mopinot,
332 1785 373 1832 est
391 1778 526 1842 coelestis,
548 1777 631 1829 ultera
679 1784 784 1843 certe,
804 1779 949 1835 saltem.“
974 1777 1157 1852 1111111215.

149 1851 275 1918 vulgaria.
310 1848 351 1902 Ex
376 1864 427 1914 quo
453 1848 629 1912 consequitur,
680 1849 716 1902 Cr
740 1844 819 1913 ὁμέν
837 1862 865 1913 ys
883 1846 918 1901 δι’
943 1848 1057 1920 ὀργάνων
1076 1852 1160 1918 ἐκήλει

150 1928 181 1972 ut
205 1921 280 1974 etiam
304 1918 432 1984 duplicem
465 1933 523 1969 scae
548 1919 630 1967 Amo·
679 1937 702 1970 a.
718 1935 742 1967 τ.
759 1917 781 1965 l.
819 1917 898 1968 Plurc
916 1916 941 1968 id
960 1936 1041 1986 genus
1058 1923 1092 1975 ad
1105 1919 1161 1975 1⁵0-

150 2005 207 2042 rem
226 1987 391 2040 statuendum
410 1986 451 2038 sit.
486 1984 631 2051 Simplicis·
680 1987 743 2039 litic.
761 2003 786 2053 p.
809 1982 870 2039 257.
895 1985 927 2041 C.
950 1993 1160 2049 memoravimus.

151 2058 242 2111 simam
272 2056 339 2109 hauc
363 2062 500 2108 acutarum
525 2056 631 2106 conclu·
681 2053 840 2107 Devenere
862 2054 956 2108 Urania
973 2064 1050 2124 utque
1075 2056 1162 2181 Vulgi-

105 2186 111 2195 ,
152 2127 325 2178 siuncuiurum
343 2125 436 2176 seriem
452 2123 553 2176 mireris
569 2136 634 2189 pro·
681 2139 762 2189 vaga,
785 2137 851 2188 quse
876 2125 952 2175 etism
976 2129 1075 2193 vulgari
1093 2130 1118 2181 iu
1138 2131 1162 2183 i·

152 2197 222 2251 secto
245 2196 307 2247 viris
331 2194 414 2246 doctis
438 2199 537 2244 tautum
563 2196 634 2242 attu·
684 2194 726 2246 cio
743 2192 863 2244 videntur
887 2195 1020 2249 seiunctae
1043 2214 1103 2249 esse
1120 2203 1162 2251 al-

151 2267 214 2321 lisse
232 2263 384 2326 molestiae,
408 2267 437 2312 ut
457 2260 491 2313 ad
508 2259 635 2312 violentas
683 2278 734 2328 que
757 2260 859 2313 diverso
883 2264 953 2315 culiu
977 2259 1098 2332 emutire⁹
1125 2270 1164 2320 si·

154 2334 331 2387 correctiones
360 2328 558 2397 confugiendum
583 2342 636 2394 pu·
685 2330 790 2398 quidem
812 2329 913 2383 diversa
936 2330 969 2385 iia
998 2335 1085 2388 oblatu
1103 2342 1165 2390 suut

153 2403 239 2456 tarint.
285 2402 450 2452 Gruserus
481 2399 549 2450 euim
581 2395 637 2448 Ad·
685 2401 811 2452 sacrificia
842 2399 881 2463 (v.
917 2400 1048 2457 Luciau.
1085 2405 1163 2462 Diull.

153 2488 251 2524 versat.
274 2485 300 2537 p.
324 2471 357 2524 25
383 2485 438 2535 sqq.
472 2466 637 2519 scribendum
686 2469 794 2522 Meretr.
829 2468 885 2522 Vll.
910 2471 943 2524 iu.
966 2472 1075 2526 Encom.
1110 2475 1165 2526 De-

154 2556 214 2593 esae
238 2539 383 2591 coutendite
416 2535 460 2591 du
488 2535 537 2587 uda
564 2538 634 2586 lum
683 2535 1166 2609 mosth.c.13.Pauaaa.lX.ld‚

154 2608 216 2661 ἄνευ
227 2608 342 2672 Ἔρυτος
359 2606 510 2674 Ἀφροδίτη.
534 2601 634 2672 Ἀφρο·
683 2606 710 2661 2.
727 2605 822 2671 snei.
840 2607 907 2660 Oed.
920 2608 977 2660 Col.
994 2624 1019 2664 ν.
1040 2610 1098 2665 101.
1116 2613 1167 2665 ibi-

154 2679 230 2741 dtrqc
247 2679 275 2727 di
293 2682 356 2744 μιᾶς
372 2678 418 2744 μὲν
431 2674 509 2740 οὔσης
526 2692 549 2724 κ.
566 2691 589 2723 τ.
607 2671 632 2723 i.
683 2691 735 2742 que
757 2675 858 2737 Sciml.)
877 2676 1019 2731 seeundum
1052 2681 1168 2733 Platonis

154 2747 232 2801 Quae
260 2747 368 2797 mutatio
401 2744 477 2796 sicuti
511 2741 635 2794 audaciae
686 2745 841 2796 seutentiam
882 2745 1045 2812 disputarunt
1086 2752 1168 2815 Apu·

153 2815 258 2868 nomiae
275 2814 411 2880 displicere
426 2813 513 2874 debet,
532 2812 568 2862 ita
586 2824 635 2861 uec
687 2815 771 2865 leius
789 2815 899 2878 Apulus.
926 2829 951 2881 p.
969 2814 1029 2871 281.
1052 2817 1093 2872 ed.
1111 2819 1169 2870 Ou-

154 2885 208 2936 ailo
226 2881 305 2932 modo
332 2888 373 2933 est
389 2881 542 2932 necessaria.
577 2878 636 2930 Non
687 2882 765 2935 deud.
794 2883 915 2935 Plotin.
946 2884 1012 2938 [inu.
1042 2886 1087 2940 lll.
1108 2887 1168 2943 Lib.

154 2950 315 3019 probabilior
325 2948 636 3011 rstiouuokerttest,
686 2952 717 3004 V.
736 2968 759 3004 c.
777 2949 802 3003 2.
824 2968 848 3017 p.
869 2950 926 3006 158.
945 2953 977 3007 Ε.
993 2955 1036 3009 Io.
1055 2954 1168 3023 Lydus

156 3020 199 3084 qui
216 3018 353 3080 legendum
373 3016 521 3083 proposuit=
536 3014 637 3081 Ἀφρο-
688 3019 721 3071 de
751 3020 880 3071 mensibus
903 3037 929 3088 ρ,
956 3021 991 3077 89
1014 3040 1053 3090 aq.
1094 3026 1168 3077 Alios

157 3089 227 3152 δίνη,
247 3080 279 3150 ἧς
296 3090 357 3152 μιᾶς
373 3087 418 3150 μὲν
436 3088 517 3147 οὔσης
534 3103 556 3133 a.
575 3102 601 3134 τ.
615 3084 638 3135 l·
687 3087 801 3141 laudavit
821 3089 933 3140 Actius
950 3090 984 3143 ad
1002 3090 1024 3147 lr.
1044 3093 1060 3147 l.
1096 3093 1168 3147 Cou-

157 3156 239 3212 Quasi
258 3170 320 3206 vero
334 3154 365 3204 ad
384 3158 446 3219 μιᾶς
462 3156 508 3220 μὲν
525 3145 574 3201 cv'r
590 3149 637 3202 ori·
687 3157 756 3209 letas
774 3157 852 3209 etiam
869 3152 1016 3226 Xenoph.
1037 3160 1166 3230 Symp.8‚

158 3242 206 3291 ρης
228 3239 280 3275 uon
305 3223 424 3275 facillime
448 3228 475 3272 ct
492 3220 638 3272 rectissime
687 3224 713 3280 2.
723 3226 817 3292 ibique
834 3224 1049 3282 Boruemaun.
1069 3231 1169 3283 Creu-

157 3295 317 3356 iuteilicatur
339 3290 431 3355 αὐτῆς.
459 3306 484 3344 v.
510 3292 575 3343 Mt.
604 3287 638 3340 ad
689 3310 753 3347 ser.
771 3294 887 3377 symbol.
909 3297 927 3350 l.
939 3294 998 3352 729.
1011 3297 1070 3355 733.
1087 3300 1170 3354 Quod

158 3362 271 3417 Phaedr.
297 3378 321 3428 p.
343 3361 403 3415 431.
422 3359 490 3426 opp.
509 3356 578 3410 Piat.
604 3356 638 3411 Τ.
689 3370 774 3416 autem
796 3365 837 3414 riis
860 3360 953 3417 dicitur
974 3364 1098 3437 ἀμήτωρ,
1120 3385 1170 3438 pro

160 3436 193 3485 x.
231 3431 331 3483 lieiude
350 3429 455 3494 nequis
474 3426 639 3479 scribendum
690 3448 782 3496 magns
800 3431 908 3484 deorum
927 3436 1001 3488 laude
1018 3436 1108 3490 heberi
1125 3455 1171 3493 ae-

160 3501 283 3566 cpluetur
312 3497 327 3564 η’
358 3499 403 3565 μὶν
432 3494 482 3564 γάρ
509 3514 561 3546 που
583 3513 640 3563 πρ,
691 3503 760 3565 lere,
795 3498 865 3566 quod
900 3504 1024 3558 alterutro
1060 3513 1171 3574 percute

162 3568 251 3621 audias
279 3569 513 3619 Buttmuunum
537 3564 569 3615 ad
588 3565 642 3616 De·
692 3575 809 3633 careant,
854 3569 933 3624 docte
982 3574 1171 3629 demonstravit

161 3624 288 3690 rdosllreu.
303 3636 408 3689 Midian.
423 3653 450 3703 p.
463 3633 510 3689 dii:
534 3633 642 3698 „Quum
692 3637 935 3704 Wesaeliugiua
976 3644 1102 3698 Obseruv.
1136 3641 1169 3696 ll.

161 3706 235 3773 quis,
254 3706 342 3770 iuquit,
361 3720 412 3757 uno
430 3709 584 3770 argumento
603 3703 644 3755 vel
695 3706 736 3760 lo.
766 3724 790 3774 p,
824 3708 873 3763 177
902 3725 957 3776 sqq,
999 3713 1038 3764 lte
1068 3713 1172 3765 Veners

163 3774 282 3840 exemplo
300 3774 397 3839 aliquid
419 3774 525 3841 probat,
552 3777 642 3841 puteat
693 3776 832 3844 Vulgivagc
843 3794 875 3829 ex
888 3779 949 3831 love
968 3787 994 3832 et
1009 3781 1092 3832 Diuus
1109 3786 1171 3832 uata

163 3845 213 3896 hcc
238 3848 267 3893 ut
290 3842 419 3894 auiticieua
438 3843 548 3896 afferret
570 3838 642 3906 qued
691 3859 716 3897 v.
740 3845 821 3913 irrtpp.
844 3847 877 3897 ad
901 3848 1006 3902 Cicer.
1042 3848 1076 3900 de
1110 3848 1170 3902 Nat.

162 3914 193 3965 lit
218 3911 341 3976 particula
363 3910 427 3977 γάρ,
451 3917 540 3978 potest
564 3910 643 3962 etiam
692 3915 772 3968 θεον.
803 3915 848 3969 lll.
879 3914 921 3969 23.
955 3917 1113 3970 creuuer.
1144 3917 1171 3969 lu

164 3981 308 4102 iiiiii
329 3979 645 4101 iuditii?
694 3982 1174 4119 iiiiii}pp²⁷sd'.l¹i¹¹d⁰‘ioi

310 4084 317 4110 ,
841 4093 847 4105 .
887 4089 894 4104 .
1033 4094 1039 4107 .

162 4131 244 4188 grave
261 4131 334 4170 eaae:
358 4114 430 4182 quod
450 4116 482 4169 ur
499 4117 589 4170 addito
606 4120 645 4186 γέ,
694 4069 787 4174 lauded
800 4119 897 4174 Bauli.
914 4121 948 4173 ad
964 4121 1083 4191 Xenopls
1094 4071 1174 4194 qura·

204 4222 273 4276 Plat.
291 4220 362 4288 Opp.
378 4219 438 4278 Vol.
456 4221 567 4283 LaSect.
583 4222 630 4295 lll.
906 4211 929 4271 4
