2604 4620
144 228 190 299 lt
506 225 793 304 PRAEFATIO

140 428 214 472 rum
238 418 302 484 est,
330 405 416 490 quod
443 416 539 472 antea
564 408 719 486 diximus,
747 409 889 475 animum
914 433 973 497 per
1001 433 1036 476 se
1057 411 1155 478 alium

139 490 203 557 alio
223 513 286 556 nou
307 490 411 575 magia
431 513 503 555 esse
524 492 677 569 animum;
701 493 859 593 sequitur,
881 507 934 574 ut,
957 495 983 560 si
1004 495 1057 560 ille
1078 495 1154 561 har·

140 575 247 641 monia
265 573 476 652 contineatur,
498 599 563 640 non
584 579 688 663 possit
708 579 791 645 ahus
805 579 867 644 alio
888 579 958 645 fieri
981 580 1156 680 sapientior

139 669 235 742 atque
255 658 377 724 mehor.
398 657 484 724 Nam
504 660 688 727 harmoniae
708 662 869 729 notionem
890 664 953 729 ubi·
968 664 1154 751 dihgentius

138 741 401 828 investigaveris,
439 743 532 811 facile
569 747 711 834 reperies
743 772 875 814 veram
911 749 1154 816 harmoniam

138 824 226 891 nullo
251 850 395 914 unquam
417 840 559 917 tempore
584 832 734 917 nullaque
748 833 879 899 ratione
897 834 1080 900 discordem
1101 833 1154 898 vel

138 906 304 978 dissonam
324 937 396 980 esse
417 938 524 999 posse.
566 915 652 980 Nam
673 931 831 982 concentu
853 917 980 984 sublato
1000 919 1072 1005 ipsa
1093 917 1153 981 tol·

136 992 216 1057 litur
241 995 418 1060 harmonia.
461 998 575 1094 Itaque
601 999 658 1080 qui
685 1000 828 1064 animum
854 1001 1054 1068 harmoniam
1082 1024 1153 1067 esse

138 1077 261 1155 dicunt,
282 1079 307 1143 ii
328 1079 488 1144 affirmare
508 1079 656 1143 vrdentur
676 1080 729 1157 id,
753 1084 839 1163 quod
860 1107 954 1148 nemo
976 1086 1039 1150 sibi
1060 1084 1153 1151 facile

138 1162 345 1249 persuadeat,
375 1162 498 1227 animos
519 1162 676 1226 humanos
698 1162 906 1248 turpitudinis
929 1177 962 1228 et
982 1169 1153 1263 pravitatis
1181 1228 1185 1236 .

138 1247 267 1314 omnino
298 1270 370 1313 esse
401 1256 565 1332 expertes,
599 1256 777 1310 ceterarum
805 1256 913 1310 autem
941 1251 1152 1314 ammantium

138 1332 261 1397 animas
275 1332 428 1408 eiusdem,
451 1352 515 1413 qua
527 1329 574 1394 illi
588 1329 725 1415 praediti
741 1330 815 1406 sint,
837 1330 965 1395 virtutis
988 1353 1060 1396 esse
1074 1354 1151 1416 par-

138 1415 261 1502 ticipes.
282 1413 434 1497 Denique
449 1421 589 1478 animum
603 1413 751 1478 novimus
766 1414 892 1499 corpori
912 1414 957 1478 im
998 1437 1070 1479 rare
1092 1437 1149 1479 ne-

132 1494 200 1583 ‘que
220 1520 294 1563 raro
316 1498 385 1562 eius
406 1496 702 1596 perturbationibus
728 1507 762 1562 et
781 1497 950 1584 cupiditati
973 1521 1013 1563 us
1035 1499 1149 1565 adver·

138 1583 213 1648 sari.
244 1578 343 1661 Quod
363 1581 508 1666 quidem,
532 1582 560 1646 si
581 1581 633 1646 ille
654 1582 758 1668 ipsius
779 1583 921 1669 corporis
943 1593 1029 1648 esset
1050 1605 1149 1667 quae-

137 1667 211 1729 dam
231 1665 366 1730 intentio
387 1675 420 1729 et
440 1665 600 1745 remissio,
623 1667 693 1731 fieri
713 1667 802 1732 nullo
823 1668 918 1732 modo
939 1677 1059 1752 posset.
1083 1665 1150 1733 Sed

136 1748 177 1813 de
191 1748 357 1814 harmonia
372 1746 526 1816 Simmiae
549 1752 626 1817 satis
649 1751 785 1818 dictum:
808 1751 1048 1817 consideremus
1062 1774 1149 1817 nunc

137 1829 271 1899 Cebetis
292 1835 496 1923 rationem').

111 1938 114 1943 ·
192 1917 297 1985 Putas
318 1931 441 1999 autem,
468 1944 488 1987 o
511 1919 631 2003 Cebes,
656 1921 719 1988 nisi
740 1921 848 2000 fallor,
878 1920 1004 1986 animus
1025 1920 1150 1986 etiamsi

135 2001 170 2065 in
190 2005 300 2067 multis
314 2017 409 2069 antea
429 2005 527 2068 filerit
540 2007 739 2091 corporibus,
762 2018 869 2070 tamen
882 2006 962 2070 nihil
983 2004 1149 2091 impedire,

137 2085 307 2169 quominus
333 2088 485 2171 temporis
513 2087 724 2151 diuturnitate
750 2088 917 2171 paullatim
942 2100 1151 2153 consumatur

136 2179 169 2234 et
189 2168 360 2252 aliquando
380 2169 523 2234 intereat.
549 2169 602 2234 Ac
620 2169 763 2255 profecto
783 2193 836 2232 ma
882 2192 934 2232 am
955 2181 1052 2254 atque
1073 2196 1150 2256 gra-

136 2276 210 2319 vem
223 2252 456 2317 dubitationem
469 2252 504 2316 in
517 2253 658 2317 medium
668 2253 813 2316 attuhsti.
871 2252 969 2351 uippe
984 2255 1149 2339 explican-

136 2338 199 2404 dus
213 2348 263 2403 est
276 2336 366 2402 locus
376 2336 429 2402 ille
444 2336 484 2400 de
498 2359 605 2400 rerum
616 2346 1149 2483 natura,(generat10neetcorrup·

137 2423 233 2489 tione.
254 2421 296 2488 In
306 2444 402 2507 quem
412 2442 511 2506 quum
526 2430 557 2484 et
570 2420 582 2482 i
606 2442 640 2484 se
650 2421 745 2484 admo
768 2443 823 2485 um
836 2420 961 2486 iuvenis
973 2445 1077 2487 essem
1092 2423 1149 2487 de-

136 2509 233 2586 latus,
248 2505 386 2572 narrabo
401 2503 494 2570 vobis
510 2503 565 2587 qui
602 2503 680 2566 mihi
693 2505 929 2570 tumacciderit.
945 2503 1057 2586 Quum
1064 2507 1149 2572 enim

137 2592 315 2657 doctrinam
334 2587 539 2687 physicam
560 2597 707 2673 putarem
727 2611 799 2653 esse
819 2590 915 2674 longe
937 2591 1148 2675 praestantis-

137 2674 261 2749 simam,
288 2694 407 2756 qurppe
429 2693 512 2755 quaa
533 2671 671 2749 doceret,
699 2672 816 2754 quibus
839 2673 944 2738 causis
965 2697 1017 2739 res
1039 2697 1149 2739 omnes

137 2758 187 2821 vel
201 2756 362 2821 orirentur
382 2762 434 2819 vel
453 2755 631 2834 interirent,
653 2755 826 2841 plurimum
848 2757 946 2821 studii
967 2758 1002 2822 in
1024 2781 1062 2822 ea
1083 2758 1148 2823 ool-

135 2841 240 2905 locare
262 2839 362 2925 coepi.
391 2836 459 2904 Sed
469 2840 615 2925 quamvis
637 2840 778 2905 omnium
798 2840 1058 2927 philosophorum
1079 2842 1149 2928 opi·

135 2923 248 2988 niones
279 2923 508 3010 investigarem
536 2936 569 2990 ct
598 2925 830 3012 perquirerem,
866 2934 972 2989 tamen
1003 2926 1044 2989 de
1077 2935 1150 2988 ortu

135 3016 168 3071 et
187 3007 319 3073 interitu
340 3032 449 3075 rerum
469 3010 549 3075 nihil
568 3011 643 3076 novi
664 3033 715 3075 me
737 3009 778 3075 ab
799 3009 840 3076 iis
855 3009 979 3074 discere
1001 3032 1077 3075 mox
1097 3008 1149 3072 in-

136 3092 254 3160 tellexi.
281 3094 401 3162 Postea
415 3095 514 3162 incidi
533 3096 616 3162 forte
636 3095 671 3160 in
691 3094 811 3160 librum
830 3093 949 3160 Anaxa
973 3117 1057 3160 orae.
1082 3092 1149 3174 Qui

136 3197 235 3257 quum
262 3181 368 3244 omnia
395 3205 415 3244 a
442 3192 550 3246 mente
577 3181 686 3245 divina
714 3181 856 3245 ordinari
877 3189 910 3244 ct
930 3117 1150 3244 administrari

135 3258 274 3335 doceret,
296 3262 402 3324 dicere
416 3282 480 3325 non
494 3285 637 3345 possum,
660 3272 781 3343 quanta
795 3285 868 3344 spes
879 3263 947 3325 veri
964 3260 1149 3325 inveniendi

135 3341 278 3406 animum
314 3365 421 3407 meum
453 3343 668 3428 occupaverit.
720 3339 787 3405 Sed
818 3343 935 3405 mirum
967 3343 1057 3406 dictu
1088 3352 1149 3418 est,

157 3437 331 3512 uantopere
353 3426 451 3490 etiam
470 3426 525 3490 illa
546 3449 597 3489 me
617 3423 763 3489 fefellerit
784 3424 991 3509 exspectatio.
1018 3423 1150 3489 Etenim

137 3510 144 3524 '
170 3533 188 3575 e
214 3532 356 3594 quoque,
385 3518 423 3573 ut
448 3510 648 3595 singularum
673 3531 782 3572 rerum
808 3507 947 3593 aperiret
975 3530 1091 3572 causas
1117 3519 1150 3572 et

134 3592 295 3671 rationes,
329 3615 456 3670 aerem,
492 3615 626 3681 aquam,
663 3591 726 3656 aha
760 3591 857 3656 huius
895 3590 1037 3677 generis,
1076 3600 1148 3657 tan-
1200 3611 1204 3618 ·

135 3700 235 3763 quam
259 3677 424 3743 machinas
467 3677 604 3742 uasdam
629 3674 816 3751 adhibebat3
843 3684 981 3739 mentem
1007 3673 1150 3739 divinam

135 3761 417 3850 praetermittebat.
494 3784 552 3827 aec
583 3782 682 3844 quum
709 3758 787 3822 mihi
822 3757 1029 3834 accidissent,
1065 3758 1148 3842 phy-

137 3847 213 3926 sicis
226 3845 361 3925 relictis,
383 3845 479 3911 aliam
499 3846 586 3911 viam
606 3842 849 3931 ingrediendam
863 3857 934 3908 esse
950 3841 1057 3907 statui.
1079 3841 1147 3907 Ita-

140 3992 330 4003 --—.--

187 4045 517 4108 ormu-mn
