2604 4620
249 302 253 343 Ι
381 270 383 279 ·
500 243 549 289 AD
571 241 787 290 emotum.
1022 242 1149 292 Lxxvn

91 414 111 481 ᾗ·
183 397 299 481 Itaque
320 395 369 461 his
391 395 497 461 missis
518 394 583 460 iam
602 394 663 460 hoc
682 416 781 460 uuum
802 392 999 472 adiidamus,
1025 409 1150 482 praeter

140 481 389 568 Xenophontem
420 491 518 564 atque
543 478 711 545 Platonem
744 479 859 545 multos
891 478 972 543 alios
1005 482 1150 548 extitisse
1259 488 1262 493 '

99 558 106 575 ’
141 566 337 652 antiquitatis
362 564 583 651 philosophos,
609 562 665 648 qui
692 559 865 713 symposia
891 554 1079 645 scriberent,
1113 578 1151 633 ut

140 653 192 717 vel
214 674 288 716 suas
310 651 350 715 de
371 672 478 715 amore
500 648 664 735 opiniones
684 649 738 714 vel
758 647 820 712 a‘a
840 648 934 713 etiam
955 649 1072 735 placita
1093 675 1153 717 sua

138 736 344 814 illustrarent,
387 756 501 799 nomm
515 733 668 798 memoria
680 754 781 816 quum
794 732 834 798 ab
848 732 929 810 aliis,
945 742 1012 799 tum
1026 757 1046 799 a
1058 733 1149 802 Plu-

140 820 275 886 tarcho
301 819 336 884 in
364 756 574 900 Quaestione.
606 815 834 883 Convivalibus
863 826 987 882 servata
1013 828 1070 884 est.
1110 820 1151 885 In
1212 845 1219 859 ³

138 927 275 990 quorum
295 925 428 970 numero
450 904 590 982 fuerunt,
611 912 647 969 ut
665 901 744 968 idios
759 911 890 980 taceam,
914 902 1009 968 etiam
1022 905 1150 972 Aristo-

114 1024 117 1029 ·
139 991 220 1057 teles
242 999 274 1054 et
297 987 511 1076 Speusippus,
533 987 677 1075 Platonis
697 1010 739 1053 ex
762 1008 868 1053 sorore
888 1009 1000 1073 nepos,
1024 988 1064 1054 de
1078 991 1151 1074 qui-

139 1074 201 1140 bus
228 1074 303 1138 vide
327 1072 470 1138 Athen.
490 1071 570 1138 XV.
593 1072 642 1137 16.
670 1071 844 1149 Macrob.
872 1068 1001 1138 Saturn.
1024 1072 1099 1140 Vll.
1120 1076 1164 1159 3.Ι

140 1157 340 1224 Plutarch.
365 1155 498 1240 Quaest.
521 1154 698 1223 Convivall.
722 1156 766 1222 in.
810 1154 853 1221 Et
880 1156 993 1222 horum
1020 1159 1150 1242 quidem

140 1242 261 1329 scripta
281 1264 320 1307 eo
340 1244 444 1331 magis
467 1241 639 1308 dolendum
659 1251 710 1307 est
731 1242 817 1326 quod
833 1264 908 1322 ,pon
936 1244 1076 1308 tulerunt
1096 1268 1150 1310 ae-

95 1332 98 1341 '
139 1337 247 1406 tatem,
271 1328 346 1412 quia
367 1328 435 1393 sine
457 1326 555 1393 dubio
575 1327 706 1391 indeed
726 1326 884 1392 Platonici
905 1328 1012 1413 operis
1032 1328 1153 1407 intent.

137 1412 279 1500 gentiam
299 1435 365 1478 non
385 1435 501 1498 parum
521 1410 668 1477 utilitatis
689 1412 873 1497 percepturi
894 1433 1047 1480 essemus.
1082 1414 1150 1481 Ve-

136 1521 209 1562 rum
236 1497 386 1581 quoniam
413 1519 495 1581 quae
519 1497 616 1561 semel
636 1496 763 1582 perdita
778 1506 879 1575 sunt,
913 1519 952 1562 ea
977 1520 1150 1584 numquam

137 1591 274 1668 possunt
294 1580 436 1659 restitui,
459 1591 638 1667 temporum
658 1579 807 1645 iniuriam
820 1582 1020 1646 consolemur
1034 1584 1091 1663 sie,
1113 1596 1151 1651 ut

138 1687 222 1813 qlqlae
248 1665 333 1729 bona
357 1665 452 1730 nobis
471 1664 577 1730 adhuc
603 1675 789 1750 supersimt,
821 1664 861 1729 iis
888 1666 1048 1751 sapienter
1074 1691 1149 1754 per-

194 1771 285 1813 amur
312 1759 345 1815 et
371 1749 413 1813 ad
442 1770 588 1815 caussam
608 1748 811 1814 humanitatis
832 1749 1003 1816 iuvandam
1024 1763 1148 1818 susten·

140 1833 332 1931 tandemque
351 1844 488 1899 utamur.
875 1837 880 1848 ’

547 1979 747 1987 ——·----——--—

495 2096 790 2184 CODICES.

180 2264 407 2324 Bodleianus
433 2281 457 2321 s.
477 2220 717 2322 (llarlrianus.
750 2259 903 2322 Ooislin.
926 2256 998 2345 (Γ),
1021 2262 1148 2325 Vetti
1185 2214 1193 2286 Ι·

98 2400 102 2410 .
140 2344 258 2430 (225),
273 2367 360 2425 quem
374 2348 497 2406 contulit
508 2347 675 2418 Bckkerus3
695 2348 782 2406 aliem
797 2349 980 2407 collationem
995 2353 1117 2410 subinde
1131 2372 1150 2410 a

138 2434 263 2493 Bekkeri
283 2433 395 2492 indiciis
416 2433 639 2512 discrepantem,
660 2451 750 2508 quam
767 2432 875 2491 fecerat
895 2434 1021 2507 Bestius,
1043 2436 1150 2510 insigni

136 2518 313 2578 humanitati
338 2517 409 2576 Chr.
435 2518 498 2576 Fel.
524 2518 655 2590 Baehrii,
689 2517 744 2576 viri
767 2517 968 2590 eruditissimi,
998 2521 1148 2580 debemus.

137 2605 226 2663 Ven.
242 2597 276 2663 Ξ.
298 2603 399 2662 Vind.
415 2595 537 2662 lnobis
557 2603 628 2662 olim
646 2620 727 2660 uum.
739 2598 769 2660 2.
781 2602 923 2678 signatus.
945 2602 1149 2666 vindob.1.

137 2698 168 2748 et
187 2687 216 2747 7.
241 2707 261 2746 a
278 2689 380 2747 Bastio
405 2688 437 2745 in
457 2689 615 2765 scriptione
632 2687 678 2746 De
700 2686 853 2765 Symposio
870 2686 989 2749 Platon.
1014 2691 1148 2761 adhibiti;

137 2773 301 2834 Parisini
311 2770 440 2830 DEFK
451 2766 568 2852 (0ch
577 2770 872 2853 etiamBipontiniusi
882 2769 976 2854 aunt).
988 2773 1111 2836 Ambr.
1123 2796 1148 2834 r.

138 2858 265 2933 Augei.
276 2877 351 2916 u.w.
365 2856 482 2915 Vatie.
490 2877 520 2916 n.
526 2877 556 2934 p.
563 2877 588 2917 r.
596 2876 619 2916 s.
635 2856 719 2916 Ven.
729 2852 1149 2937 t.(postremusliberprio1em

138 2948 252 2999 tantum
267 2939 415 3016 Symposii
433 2951 545 3016 partem
558 2937 712 3022 continet).
734 2940 943 3000 Florentini
955 2962 983 3001 a.
998 2944 1027 3001 b.
1042 2961 1068 3002 c.
1082 2945 1103 3002 i.
1117 2963 1148 3002 n.

137 3022 304 3082 Palatini
317 3023 466 3100 Excerpta
480 3043 499 3082 a
513 3024 657 3084 Oreuzero
672 3024 780 3101 publici
798 3026 869 3082 iuris
883 3025 969 3085 facte.
991 3027 1150 3086 Praeterea

138 3106 306 3166 Riickertus
331 3107 464 3166 adhibuit
486 3108 726 3168 Rauduitiensem
750 3108 857 3167 librum
882 3119 911 3168 et
928 3103 1148 3184 Zittaviensem,

138 3193 190 3268 qui
209 3192 346 3267 quoniam
366 3191 576 3252 admirabiliter
595 3211 661 3252 cum
675 3192 843 3252 Vindobou.
859 3187 884 3251 Υ
898 3201 927 3253 et
940 3195 1016 3255 Ven.
1032 3190 1057 3253 Ξ
1078 3216 1148 3257 con-

91 3287 97 3293 ’
137 3278 310 3350 sentiente
323 3277 407 3336 nobis
420 3295 489 3336 raro
502 3287 572 3338 sunt
585 3276 810 3338 commemorati.
996 3288 998 3293 '

221 3465 288 3515 inter
304 3465 399 3528 pocula
415 3467 447 3515 de
464 3479 549 3516 amore
567 3465 728 3515 disserentem
745 3465 840 3529 fingere
857 3466 986 3517 voluisset.
1004 3464 1093 3533 Neque
1109 3474 1146 3518 ta·

221 3548 282 3583 men
299 3533 348 3583 hae
366 3532 512 3583 defensione
528 3533 655 3597 acquievit
669 3532 884 3595 Haurichsen,
902 3536 984 3598 quiin
999 3537 1146 3600 Epistola

223 3601 339 3651 critica
355 3603 393 3651 ad
411 3599 479 3650 Gar.
495 3601 579 3652 Frid.
597 3601 803 3651 Hermannum
824 3603 860 3652 de
877 3604 1011 3654 consilio
1030 3603 1146 3654 Convi-

222 3669 266 3716 vii
282 3662 520 3732 Xenophont'ei‚
538 3669 649 3721 Slaswiei
659 3684 682 3718 a.
697 3675 769 3719 1844.
781 3670 855 3730 edite,
873 3671 978 3734 siugulis
995 3672 1146 3734 quibusdam

222 3737 341 3798 pristinae
359 3736 496 3786 sententiae
513 3733 625 3801 partibus
641 3737 744 3787 mutatis
754 3738 878 3787 rationem
889 3754 960 3790 suam
977 3739 1079 3787 omnino
1091 3737 1145 3799 qui-

224 3804 282 3852 dem
297 3805 425 3855 vindicare
443 3806 546 3855 studuit.
564 3805 615 3857 Sed
631 3819 683 3855 non
700 3806 824 3856 concessit
840 3806 880 3854 illi
896 3812 985 3869 postea
1001 3806 1145 3855 Herman-

223 3884 292 3931 nus,
309 3873 347 3921 uti
363 3873 417 3937 ipse
435 3873 561 3937 professus
578 3873 659 3923 estin
677 3874 846 3938 disputatione
861 3874 906 3924 Da
924 3872 1073 3923 convivii
1089 3872 1145 3922 Xe·

224 3937 397 4000 nophontei
415 3942 611 4007 temporibus
628 3940 691 3993 et
706 3936 733 4006 p.
746 3945 770 3991 4.
788 3940 858 3992 Gott.
870 3942 907 3992 ed.
922 3944 994 3990 1844.

543 4054 742 4064 ---—----
