2604 4620
183 258 227 320 98
575 255 829 319 runuouts

189 434 371 520 γίγνεσθαι
403 430 465 513 μὲν
498 422 606 517 αὐτὴν
641 432 698 495 καὶ
722 426 946 508 ξυνίστασθαι
969 422 1120 495 ἄλλοθέν
1143 453 1205 496 πο·

188 538 258 601 θεν
282 532 338 597 καὶ
364 522 463 602 εἶναι,
498 531 577 615 πρὶν
602 536 658 594 καὶ
685 536 730 607 τις
754 525 975 613 ἀνθρώπειον
1003 533 1098 620 σῶμα
1124 528 1206 620 sirpo-

190 634 322 718 κέσθαι,
348 623 482 694 ἐπειδάν
508 631 542 694 δὲ
573 625 735 719 ἀφίκηται
763 632 817 695 καὶ
845 627 1101 711 ἀπαλλάττηται
1130 628 1206 697 τού-

192 754 270 806 τον,
305 725 380 797 τότε
416 732 470 795 καὶ
501 724 610 810 αὐτὴν
642 734 797 796 τελευτάν
829 734 885 796 καὶ
919 734 1205 819 διαιμθείρισθαις

139 839 164 901 0
185 821 243 898 Εὖ
269 835 303 896 λέ
304 856 384 914 μοις,
414 819 545 920 ἔφη,
520 855 545 894 ω
576 831 729 917 Σιμμιᾞα
765 827 784 897 ὁ
813 833 933 916 Κέβης.
894 836 1115 919 ηςᾳ-αίντται
1139 827 1205 916 γάρ

193 927 299 1023 ὥςπερ
335 927 449 1045 ἥμισυ
470 929 712 1016 ἀποδεδεῖχθαι
738 922 777 998 οὗ
804 929 927 1010 διῖ,”
910 958 979 1010 οτι,
1018 935 1097 1018 πρὶν
1119 936 1205 1014 γενέ-

192 1027 322 1100 σθαι
306 1033 404 1116 ημᾶς,
432 1019 473 1108 ἦν
498 1026 592 1114 ἡμων
616 1055 637 1108 η
665 1051 773 1118 ψυχη·
801 1034 849 1096 δεῖ
875 1035 908 1098 δὲ
936 1032 1202 1121 ττροςααοὸιῖξαι,

191 1127 246 1199 ὅτι
271 1135 387 1206 κατ’,ὲ
373 1123 506 1194 ἐπειδάν
532 1125 785 1213 ἀποθάνωμεν,
813 1124 954 1195 οὐδὲν
936 1156 1040 1209 ηττον
1068 1124 1204 1209 turasii

192 1234 318 1319 noio)
305 1233 482 1314 γενέσθαι,
523 1233 550 1294 ri
590 1231 698 1311 μέλλει
730 1227 872 1305 τέλος
857 1254 877 1308 η
913 1227 1080 1307 ἀπόδειξις
1113 1232 1206 1309 ἕξειν.

161 1331 308 1399 ”Mundi
311 1334 433 1397 δεικται
459 1335 551 1448 μέν,
563 1333 643 1417 έτμη,
677 1316 701 1391 ὦ
729 1329 861 1413 Σιμμία
890 1353 921 1394 τε
945 1332 1000 1394 καὶ
1023 1325 1204 1411 Κέβης,ὁ

194 1427 396 1517 Σωκράτης,
431 1431 487 1493 καὶ
512 1451 590 1547 νμν,
624 1434 652 1493 rt
678 1430 792 1493 θέλετε
817 1432 993 1494 συνθεῖναι
1021 1426 1143 1493 τοῦτόν
1170 1452 1205 1493 ττ

192 1528 254 1597 τὸν
279 1527 382 1614 λόγον
408 1535 453 1605 εἰς
478 1523 605 1594 ταύτὸν
639 1530 707 1593 καὶ
721 1523 761 1594 ὃν
794 1523 858 1614 πρὸ
886 1526 1011 1596 τούτου
1035 1523 1208 1611 ὡμολογή-

192 1653 315 1716 σαμτν,
341 1624 379 1695 τὸ
404 1631 581 1793 μίγντσθμι
606 1629 677 1694 πᾶν
702 1623 740 1694 τὸ
768 1629 891 1708 conen
917 1632 979 1695 τοῦ
1009 1630 1206 1704 τιθντῶτος.

191 1738 219 1799 si
243 1725 309 1819 γάρ
344 1732 413 1795 ἔστι
446 1731 508 1815 μὲν
532 1724 554 1808 ἡ
582 1723 673 1819 ψυχὴ
707 1729 762 1793 καὶ
789 1724 971 1817 πρότερον,
1003 1724 1135 1812 ἀνάγκη
1170 1723 1204 1793 δ’

264 1925 294 1976 C.
330 1925 381 1976 δεῖ
402 1923 437 1975 oi
461 1921 685 1987 προςαποδιῖξ
691 1921 738 2005 nc]
770 1921 838 1974 vett.
865 1921 937 1974 editt
964 1922 1209 1989 διῖνδὲιτροςατιο-

195 1992 276 2051 δεῖξαι
293 1996 346 2057 ἔτι,
370 1993 393 2041 τὶ
416 2012 458 2041 και
484 1990 587 2041 &nestas
605 1989 733 2039 ‹iuncos›
702 2008 796 2054 ινη,ιιν
824 1988 927 2039 onidis
917 2010 1036 2065 ηττονκ.
1052 2012 1076 2046 τ,
1096 1994 1117 2045 λ,
1153 1992 1207 2043 Sed
1253 2010 1262 2023 ·

195 2063 235 2111 δεῖ
258 2062 325 2112 Bodi
360 2061 419 2113 Vat
443 2061 511 2111 Tub.
537 2061 599 2110 Ven.
622 2059 659 2111 Π
683 2058 757 2111 Vind.
784 2061 817 2108 Φ.
838 2058 923 2112 Fior.
935 2060 960 2111 d
988 2066 1043 2113 Par
1062 2061 1095 2110 G.
1118 2063 1206 2112 Ambr.

196 2133 247 2178 Pro
266 2132 303 2178 irs
321 2127 398 2178 Bodi.
417 2134 444 2178 et
461 2128 528 2178 Tub.
551 2126 654 2178 recte‘'
638 2146 690 2179 οτι
724 2128 791 2179 iliud
811 2127 833 2178 et
851 2133 911 2178 ante
936 2129 981 2177 sot
1003 2127 1106 2180 ἐπειδὰν
1130 2131 1208 2218 vulgo

196 2197 323 2281 intrusum
342 2211 393 2246 om.
414 2196 488 2246 Bodi
508 2195 572 2245 Ven
591 2195 628 2247 ii.

269 2262 283 2327 ἦ
309 2262 486 2320 ἀπόδειξις
510 2262 607 2329 ἕξειν]
631 2263 696 2326 ἔχειν
719 2262 1207 2316 Bodi.vat.ven.11.Tnb.vind

200 2337 233 2385 Φ.
251 2336 309 2383 Par.
329 2332 363 2385 G.
383 2333 471 2382 Ambr.
490 2331 559 2383 Fior.
580 2331 604 2381 d.
622 2332 690 2396 quod
710 2348 742 2383 ex
761 2347 830 2384 corr.
850 2331 951 2382 videtur
966 2332 1119 2387 manavisse.
1154 2333 1210 2384 De·

120 2460 123 2466 Ι
198 2400 292 2452 derunt
310 2406 396 2451 tamen
409 2399 539 2452 Turicess.
557 2399 653 2451 creduli
671 2400 773 2451 illorum
792 2400 867 2451 codd.
888 2399 1068 2452 admiratores.
1103 2403 1131 2453 lu
1143 2400 1207 2451 Zitt.
1226 2451 1230 2459 ,

196 2467 266 2532 ἥξειν
284 2469 415 2534 scriptum.

266 2539 292 2587 ei
308 2538 370 2602 γὰρ
389 2538 461 2587 ἔστι
477 2536 534 2603 μὲν
551 2533 565 2600 d
585 2535 626 2601 ιμ]
647 2535 692 2594 μὲν
711 2553 725 2588 e
744 2536 821 2590 Bodi.
839 2535 909 2588 Tub.
928 2537 991 2589 Ven.
1013 2537 1049 2587 Π.
1061 2539 1208 2590 restitutum

197 2608 277 2671 vulgo
297 2605 396 2657 deerat.
1290 2648 1298 2660 .

268 2674 298 2723 D.
335 2672 350 2735 ἢ
376 2675 406 2721 ἐκ
431 2666 597 2736 θανάτου]
622 2672 648 2720 ἐκ
666 2671 717 2721 τοῦ
734 2676 765 2725 d.
785 2670 860 2724 vind.
881 2673 914 2722 Φ.
935 2673 1023 2725 Ambr.
1042 2672 1112 2737 quod
1132 2687 1209 2724 nemo

198 2741 377 2807 amplectetur.
412 2739 537 2789 Voculam
556 2755 583 2786 τε
600 2741 678 2803 vulgo
697 2748 759 2805 post
778 2738 899 2789 θανάτοιν
918 2740 1031 2790 additam
1055 2757 1106 2792 om.
1133 2741 1208 2794 Bodi.

198 2810 260 2866 Vat.
277 2808 345 2861 Tub.
365 2808 428 2860 Veu.
445 2807 482 2857 Π.
503 2806 576 2860 Vind.
595 2810 627 2861 Φ.
646 2812 705 2880 Par.
724 2809 759 2859 G.
780 2809 869 2861 Ambr.
905 2809 969 2860 Dein
993 2815 1054 2860 vett.
1076 2809 1147 2862 editt.
1166 2809 1211 2859 ssi

199 2945 244 2995 ubi
267 2950 309 2996 est
333 2943 516 2995 landrianum.
553 2942 680 2994 Addimus
732 2942 812 2994 hoc
804 2959 856 2994 iarn
883 2944 947 2995 sutis
968 2944 1105 3010 probatum
1130 2944 1210 2996 videri

202 3012 363 3066 Themist.
397 3013 470 3063 Orat.
498 3011 516 3063 1.
540 3029 563 3077 p.
587 3012 612 3064 5.
640 3011 680 3065 ed.
730 3013 888 3077 respondet.
915 3014 1120 3078 coniungeudum
1142 3013 1209 3068 enim

200 3083 277 3134 Dind
308 3080 374 3132 ὅταν
402 3081 447 3148 ἔχῃ
478 3098 526 3143 την
556 3080 682 3145 βασιλέως
732 3095 791 3132 esse
816 3080 866 3132 hoc
886 3089 1065 3164 argumentum
1085 3098 1145 3133 cum
1163 3095 1209 3132 su-

198 3166 288 3216 ιμνχην
303 3152 346 3200 και
358 3147 545 3230 οιιανταομον
561 3168 593 3197 τα
613 3147 681 3214 dyn—
732 3149 885 3214 perioribus.
926 3150 991 3203 Nam
1015 3153 1036 3201 si
1062 3167 1148 3203 verum
1176 3152 1209 3201 sit

199 3217 240 3268 θλ
263 3220 410 3281 annitimur
401 3236 428 3266 ια
446 3215 507 3267 τότε
526 3218 681 3268 ἐπιδείκνυσι
731 3217 795 3268 hunc
822 3234 882 3268 esse
911 3225 1074 3270 constantem
1101 3224 1209 3270 uncturae

200 3286 418 3369 φιλανθρωπίαν,ι
704 3286 830 3349 legem,
858 3291 887 3336 ut
910 3286 968 3336 nihii
999 3288 1130 3350 intereat,
1161 3286 1208 3337 sed

235 3352 377 3403 ἐπειδὰν
396 3353 428 3402 δὲ
446 3351 679 3419 α’φὶκηταιλῐιι·
730 3358 846 3404 mutetur
871 3360 985 3416 tantum,
1009 3361 1036 3405 et
1060 3356 1081 3405 si
1103 3355 1206 3406 dubium

200 3423 253 3472 teli
268 3420 576 3489 ελςᾶνθρώτιειονσωμιι
599 3420 678 3475 Quod
729 3435 780 3471 uon
804 3423 837 3472 sit
862 3422 972 3472 animum
996 3437 1082 3473 rerum
1102 3423 1208 3474 notitias

197 3505 309 3553 moneo,
350 3492 409 3556 quin
446 3504 528 3556 nuper
557 3490 604 3540 iuit
635 3491 678 3554 qui
730 3489 785 3540 sine
804 3491 922 3555 corporis
940 3505 990 3555 ops
1000 3506 1142 3557 accepisse,
1160 3507 1209 3541 ne·

197 3558 260 3610 haec
290 3564 465 3610 converterem
501 3574 592 3623 quum
626 3574 678 3610 au·
729 3573 804 3609 cesse
834 3559 912 3610 etiam
943 3574 1016 3621 esse,
1046 3565 1075 3610 ut
1110 3559 1209 3610 animus

198 3633 260 3678 tem
280 3627 493 3679 discesserit.
730 3633 839 3678 maneat.
877 3626 932 3678 Sed
956 3633 985 3678 ut
1010 3627 1210 3682 omniseuirna-

232 3696 263 3745 C.
304 3694 587 3761 προςαιτοιλεῖὲιιι,
624 3693 678 3745 ὅτι
729 3701 772 3746 tur
788 3696 928 3761 dubitatio,
947 3695 1207 3762 indeacap.XXlV.

197 3766 264 3833 aut,
288 3764 353 3829 ern]
381 3766 495 3814 niteram
520 3763 678 3828 disputatio·
729 3778 811 3814 novas
835 3767 889 3816 eius
913 3765 951 3817 rei
974 3765 1088 3817 rationes
1114 3766 1209 3816 aderre

197 3834 237 3883 uis
255 3838 358 3898 partem
370 3831 456 3883 Cebes
475 3832 511 3881 ait
528 3831 612 3881 adhuc
631 3832 678 3882 de-
728 3833 844 3883 instituit.

197 3900 321 3954 siderari·
353 3899 578 3951 demonstrandum
609 3900 677 3951 eninr
765 3901 829 3965 Cap
854 3900 951 3952 xxiv
986 3901 1018 3952 D.
1055 3901 1109 3950 καὶ
1135 3906 1210 3952 sori·

198 3969 443 4034 adirucsuperesse,
462 3967 575 4017 animum
589 3981 679 4018 mane·
727 3984 786 4016 τον
815 3967 1135 4037 dranouyuarsr'
1148 3989 1209 4019 σο

197 4036 430 4097 renecinterire,
458 4034 500 4084 ubi
524 4050 539 4083 a
567 4049 678 4099 corpore
727 4039 812 4085 odas
845 4033 895 4099 -]
930 4033 953 4087 h.
991 4052 1013 4087 e.
1047 4039 1210 4091 videmini

198 4105 357 4158 discesserit
402 4104 451 4155 Cui
475 4102 600 4154 Socrates
629 4103 676 4153 sibi
727 4101 803 4154 mihi
845 4103 948 4154 etiam
989 4102 1072 4156 hanc
1109 4121 1209 4170 quae·
