2604 4620
213 194 217 207 Ι
312 254 315 271 ·
478 239 527 284 AD
550 237 765 287 srnrosmn.
1011 234 1126 299 LXXIH

120 401 173 456 tur
193 412 257 456 non
277 389 406 475 quidem
425 389 461 457 in
473 389 653 455 Pausaniae
674 389 826 456 attributa
845 389 998 477 oratione,
1020 392 1078 457 sed
1090 390 1126 457 in
1182 428 1193 449 ι

120 499 167 556 ea,
180 556 183 561 ι
197 491 292 625 piam
312 472 459 549 Phaedro
480 473 659 560 adscripsit,
686 486 724 539 ut
745 476 796 540 vel
817 475 873 555 sio,
896 497 937 541 ne
958 475 1129 543 Platonem

118 584 210 647 repre
232 561 347 629 endere
374 559 414 626 ab
436 558 583 625 omnibus
610 559 911 644 deprehenderetur,
939 559 1037 626 Xeno
1060 560 1125 627 hon

117 646 315 730 aliquatenus
337 645 464 723 caverit,
494 644 545 709 vel
570 642 663 708 aliter
684 644 839 730 seriptum
858 643 1003 710 Platonis
1051 668 1122 730 ym-

116 731 241 817 posium
261 729 410 795 habuisse
424 727 614 795 iudicandus
636 727 686 809 sit,
709 728 743 792 id
756 729 841 813 quod
856 751 918 817 ego
933 752 1005 794 oum
1020 729 1123 796 Athe-

115 837 195 881 naao
218 816 334 883 sentire
355 813 473 892 malim,
495 835 591 897 quam
610 812 690 878 haee
714 835 755 878 ex
777 823 843 877 toto
864 837 884 877 a
905 812 1124 901 Xenophonte

115 899 249 965 conficta
275 920 346 964 esse
373 920 446 964 oum
467 898 579 965 eodem
600 895 764 963 Athenaeo
790 919 943 976 asserere,
969 920 1069 983 quum
1088 900 1124 966 in

83 1016 87 1021 ·
113 982 254 1049 Phaedri
280 983 410 1068 quidem
435 984 574 1049 oratione
601 983 706 1069 palam
731 981 917 1060 habeantur,
949 984 1006 1048 sed
1031 985 1122 1051 testi-

113 1069 219 1133 monia
239 1078 345 1133 tamen
367 1068 407 1134 de
428 1067 591 1132 Thebanis
613 1067 680 1133 sive
702 1065 833 1133 Boeotis
848 1077 942 1151 atque
956 1066 1052 1134 Eleis
1062 1070 1122 1135 ad·

113 1153 208 1219 dueta
228 1154 263 1219 in
284 1153 355 1240 ipsa
366 1152 545 1218 Pausaniae
559 1153 700 1218 oratione
714 1150 893 1238 legantur.'’
916 1151 1010 1219 Haeo
1022 1154 1122 1301 ipitur

113 1234 342 1304 Gornarius.
355 1236 760 1324 LoousXenophontis
778 1233 1028 1323 estSymp.V11
1046 1239 1119 1305 032.

111 1323 207 1386 καίτοι
221 1322 390 1393 Παυσανίας
405 1323 448 1402 δέ,
464 1319 666 1405 ὁἈγοίλλιυνος
680 1328 733 1384 τοῦ
749 1327 873 1405 ποιητοῦ
889 1321 1023 1406 ἐραστής,
1040 1324 1120 1386 ἀπο·

20 1476 22 1483 ⁴
111 1407 292 1492 λογοιίμενος
325 1409 397 1494 ὑπὲρ
429 1415 487 1471 τῶν
522 1408 648 1492 ἀκρασίᾳ
674 1405 961 1512 συγκαλινδουμένων
992 1405 1117 1492 εἴρηκεν,

112 1494 154 1560 ὥς
167 1494 216 1556 καὶ
232 1496 401 1578 στράτευμα
417 1493 620 1574 ἀλκιμώτατον
638 1491 671 1555 ἀν
686 1513 798 1574 γενοιτο
816 1491 850 1554 ἐκ
863 1491 1005 1554 παιδικῶν
1020 1514 1053 1554 τε
1068 1493 1118 1556 καὶ

111 1575 261 1660 ἐραστῶν·
282 1577 405 1645 τούτους
424 1576 479 1660 γὰρ
496 1575 530 1638 ἀν
547 1574 606 1660 ἔφη
622 1575 738 1639 οἴεσθαι
745 1578 880 1684 paleato
895 1575 1046 1639 αἰδεῖσθαι
1061 1576 1116 1641 ἀλ-

110 1662 217 1742 λήλους
232 1661 417 1723 ἀπολείπειν·
432 1660 594 1742 θαυμαστὰ
607 1659 712 1742 λέγων,
729 1682 755 1722 ει
768 1683 803 1742 γε
816 1663 843 1723 οί
855 1658 948 1747 ψόγου
961 1683 993 1723 τε
1006 1661 1117 1746 ἀφρον-

109 1747 213 1806 τιστεῖν
235 1745 284 1807 καὶ
301 1744 500 1828 ἀναισχυντεῖν
515 1745 587 1829 πρὸς
602 1744 747 1827 ἀλλήλους
762 1743 939 1828 ἐθιζόμενοι,
955 1743 1037 1808 οὔτοι
1055 1747 1115 1828 μά-

107 1828 191 1890 λιστα
207 1827 393 1914 αἰσχίνονται
407 1827 527 1912 αἰσχρόν
542 1852 568 1891 τι
579 1831 683 1891 ποιεῖν.
698 1829 747 1891 καὶ
764 1829 910 1913 μαρτύρια
926 1829 961 1890 δὲ
973 1828 1114 1912 ἐπήγετο,

108 1913 149 1980 ὡς
168 1918 262 1975 ταῦτα
278 1911 439 1995 ἐγνωκότες
453 1914 511 1976 εἶεν
531 1914 580 1976 καὶ
596 1910 723 1998 Θηβαῖοι
737 1914 786 1975 καὶ
796 1909 922 1976 Ἠλεῖοι.
945 1914 1113 1997 συγκαθευ-

107 1996 211 2066 δοντας
231 2003 302 2080 γοῦν
322 1998 422 2066 αὐτοῖς
442 1997 524 2081 ὅμως
542 1997 782 2082 παρατάττεσθαι
805 1995 864 2083 ἔφη
883 1998 921 2061 τά
936 1998 1057 2061 παιδικὰ
1072 1999 1114 2069 τίς

106 2081 154 2142 τὸν
178 2082 288 2164 ἀγῶνα,
310 2082 396 2146 οὐδὲν
418 2087 506 2145 τοῦτο
528 2085 650 2165 σημεῖον
670 2081 764 2164 λέγων
785 2081 903 2165 ὅμοιον·
925 2081 1045 2152 ἐκείνοις
1058 2083 1112 2166 μὲν

105 2166 161 2249 γὰρ
176 2171 270 2230 ταῦτα
285 2166 403 2250 νόμιμα,
418 2169 487 2250 ἡμῖν
500 2167 526 2229 δ’
540 2167 733 2230 ἐπονείδιστα.
757 2163 885 2246 Quibus
899 2165 1008 2232 verbis
1022 2167 1117 2259 ‹rarpi¹

104 2248 254 2315 dicuntur
309 2274 370 2316 uae
394 2250 486 2317 Plato
512 2250 659 2317 Phaedro
687 2251 830 2316 attribuit
882 2253 985 2316 ‚lta
1007 2250 1050 2316 Ε.
1080 2263 1113 2318 et

102 2331 280 2400 Pausaniae
288 2273 458 2401 lPlatonioi
479 2335 578 2402 verba
599 2360 631 2423 p.
648 2338 720 2401 182.
734 2336 775 2400 A.
799 2334 843 2401 Se
875 2337 1024 2484 Iprimum
1038 2337 1111 2420 qni-
1140 2348 1143 2353 '

103 2418 177 2484 dem
201 2419 344 2486 mirabile
371 2431 428 2498 est,
475 2421 550 2501 uod,
577 2443 659 2506 quae
685 2443 705 2484 a
722 2419 855 2487 Platone

104 2504 223 2591 scripta
245 2517 328 2585 sunt,
351 2529 389 2571 ea
402 2505 442 2571 ab
496 2528 555 2572 eno
577 2506 671 2571 honte
685 2504 863 2571 Pausaniae
885 2517 957 2570 sunt
971 2504 1108 2572 tributar
1221 2533 1228 2545 ‘

101 2589 187 2656 unde
209 2588 430 2656 Cornarius
452 2613 525 2656 oum
584 2591 751 2656 thenaeo
772 2590 814 2656 V.
837 2613 868 2676 p.
892 2592 964 2655 216.
979 2589 1018 2654 E.
1035 2613 1108 2656 eon-

100 2672 176 2739 ieoit
194 2674 292 2742 Xeno
315 2676 444 2741 hontem
456 2675 599 2741 Platonis
615 2672 821 2761 Symposium
842 2675 932 2741 aliter
954 2675 1107 2761 seriptum

99 2757 259 2826 habuisse.
291 2699 418 2826 heinde
446 2783 528 2846 quae
547 2761 723 2826 Pausanias
750 2761 790 2825 de
812 2759 943 2826 Boeotis
965 2772 998 2827 et
1018 2761 1107 2826 Eleis

99 2842 215 2908 dieitur
235 2846 425 2924 narravisse,
447 2869 558 2911 eorum
578 2848 664 2933 apud
685 2845 852 2911 Platonem
872 2868 932 2911 neo
953 2846 1025 2911 vola
1045 2868 1106 2911 neo

98 2927 270 3014 vestigium
302 2941 410 3008 extat,
444 2932 531 3017 apud
562 2953 656 3015 quem
681 2930 858 2995 Pausanias
880 2930 950 2994 hoo
981 2939 1105 2994 tantum

98 3008 187 3090 dicit,
213 3013 342 3080 differre
364 3016 449 3081 eirea
469 3037 609 3080 amorem
636 3015 798 3080 civitatum
818 3035 935 3091 mores,
958 3014 1104 3096 adeoque

43 3102 50 3111 “
97 3094 256 3182 improbat
276 3099 427 3164 Eleorum
453 3122 491 3165 ae
512 3098 737 3164 Thebanorum
762 3097 918 3173 instituta,
947 3108 1104 3181 quatenus

96 3195 232 3271 vergant
258 3185 300 3248 ad
324 3183 507 3249 lubidinem.
540 3182 593 3247 Ex
620 3182 736 3266 quibus
757 3204 954 3266 consequens
976 3192 1035 3260 est,
1066 3193 1104 3247 ut

94 3264 279 3354 Xenophon
301 3269 342 3332 ad
362 3267 507 3333 Platonis
530 3265 736 3352 Symposium
757 3267 883 3333 omnino
904 3289 969 3331 non
989 3288 1100 3352 respe-
1153 3324 1156 3335 ,

94 3352 187 3427 xerit,
221 3353 286 3420 uod
297 3354 394 3419 miror
403 3352 604 3439 praeteriisse
616 3350 701 3417 Car.
712 3350 773 3416 Fr.
785 3351 1102 3437 Hermannum*),

92 3437 148 3520 qui
212 3437 421 3525 enophontem
455 3447 562 3503 censet
591 3437 743 3503 memoria
768 3439 895 3522 lapsum
921 3437 1100 3504 Pausaniae

94 3521 242 3590 tribuisse
264 3526 348 3608 quae
369 3523 535 3588 aPlatone
549 3523 695 3587 Phaedro
710 3533 818 3588 essent
838 3523 1006 3609 adscripta.
1030 3522 1099 3588 Ve-

92 3628 164 3669 rum
191 3609 255 3672 iam
281 3610 401 3674 dudum
427 3607 655 3673 Boeokhius
681 3607 770 3672 vidit.
813 3607 883 3672 Iam
911 3608 937 3672 si
960 3607 1098 3692 quaeris,

93 3711 244 3770 quorsum
272 3693 456 3780 Xenophon
483 3693 675 3778 respexerit,
704 3716 767 3758 non
794 3716 923 3777 possum
951 3692 1098 3776 equidem

91 3772 300 3843 Friderioo
332 3778 560 3844 Thiorsohio
597 3778 745 3842 aooedere
783 3769 923 3843 libellum
960 3777 1095 3859 aliquem

91 3861 277 3926 amatorium
309 3864 488 3930 Pausaniae
522 3863 665 3928 extitisse
699 3863 912 3937 existimanti,
946 3862 1029 3925 unde
1064 3870 1095 3922 et

904 2421 1022 2486 haedro
1049 2422 1108 2486 ad·
1229 2465 1231 2472 ·
