<?xml version="1.0" encoding="UTF-8"?>
<!DOCTYPE html PUBLIC "-//W3C//DTD XHTML 1.0 Transitional//EN"
    "http://www.w3.org/TR/xhtml1/DTD/xhtml1-transitional.dtd">
<html xmlns="http://www.w3.org/1999/xhtml" xml:lang="en" lang="en">
 <head>
  <title>
</title>
<meta http-equiv="Content-Type" content="text/html;charset=utf-8" />
  <meta name='ocr-system' content='tesseract 3.04.00' />
  <meta name='ocr-capabilities' content='ocr_page ocr_carea ocr_par ocr_line ocrx_word'/>
</head>
<body>
  <div class='ocr_page' id='page_1' title='image "./platonisoperaom00stalgoog_0432.png"; bbox 0 0 2604 4620; ppageno 0'>
   <div class='ocr_carea' id='block_1_1' title="bbox 91 244 1222 1935">
    <p class='ocr_par' dir='ltr' id='par_1_1' title="bbox 91 244 1222 1935">
     <span class='ocr_line' id='line_1_1' title="bbox 250 244 1151 341; baseline -0.001 -48"><span class='ocrx_word' id='word_1_1' title='bbox 250 304 254 341; x_wconf 62' lang='grc' dir='ltr'>Ι</span> <span class='ocrx_word' id='word_1_2' title='bbox 502 247 551 293; x_wconf 81' lang='grc' dir='ltr'>ΔΙ)</span> <span class='ocrx_word' id='word_1_3' title='bbox 573 245 789 294; x_wconf 75' lang='grc' dir='ltr'>8ΥΜΡο81ΙΙΜ.</span> <span class='ocrx_word' id='word_1_4' title='bbox 1024 244 1151 295; x_wconf 73' lang='lat' dir='ltr'>Lxxvn</span> 
     </span>
     <span class='ocr_line' id='line_1_2' title="bbox 105 396 1152 486; baseline 0 -20"><span class='ocrx_word' id='word_1_5' title='bbox 105 442 110 447; x_wconf 84' lang='lat'>.</span> <span class='ocrx_word' id='word_1_6' title='bbox 185 401 300 486; x_wconf 87' lang='lat' dir='ltr'>Itaque</span> <span class='ocrx_word' id='word_1_7' title='bbox 321 399 371 464; x_wconf 89' lang='lat' dir='ltr'>his</span> <span class='ocrx_word' id='word_1_8' title='bbox 392 399 499 465; x_wconf 90' lang='lat' dir='ltr'>missis</span> <span class='ocrx_word' id='word_1_9' title='bbox 520 399 585 464; x_wconf 90' lang='lat' dir='ltr'>iam</span> <span class='ocrx_word' id='word_1_10' title='bbox 604 397 665 464; x_wconf 90' lang='lat' dir='ltr'>hoe</span> <span class='ocrx_word' id='word_1_11' title='bbox 684 419 783 463; x_wconf 91' lang='lat' dir='ltr'>unum</span> <span class='ocrx_word' id='word_1_12' title='bbox 804 396 1000 476; x_wconf 77' lang='lat' dir='ltr'>adiiciamus,</span> <span class='ocrx_word' id='word_1_13' title='bbox 1027 411 1152 485; x_wconf 89' lang='lat' dir='ltr'>praeter</span> 
     </span>
     <span class='ocr_line' id='line_1_3' title="bbox 142 481 1152 572; baseline 0.001 -22"><span class='ocrx_word' id='word_1_14' title='bbox 142 483 390 572; x_wconf 88' lang='lat' dir='ltr'>Xenophontem</span> <span class='ocrx_word' id='word_1_15' title='bbox 422 494 520 569; x_wconf 87' lang='lat' dir='ltr'>atque</span> <span class='ocrx_word' id='word_1_16' title='bbox 545 482 713 548; x_wconf 79' lang='lat' dir='ltr'><strong>Platonem</strong></span> <span class='ocrx_word' id='word_1_17' title='bbox 746 482 861 548; x_wconf 90' lang='lat' dir='ltr'>multos</span> <span class='ocrx_word' id='word_1_18' title='bbox 893 481 973 547; x_wconf 92' lang='lat' dir='ltr'>alios</span> <span class='ocrx_word' id='word_1_19' title='bbox 1007 485 1152 551; x_wconf 79' lang='lat' dir='ltr'><strong>extitisse</strong></span> 
     </span>
     <span class='ocr_line' id='line_1_4' title="bbox 102 556 1153 716; baseline -0.001 -79"><span class='ocrx_word' id='word_1_20' title='bbox 102 563 107 577; x_wconf 58' lang='lat'><strong><em>‘</em></strong></span> <span class='ocrx_word' id='word_1_21' title='bbox 142 569 338 656; x_wconf 79' lang='lat' dir='ltr'>antiquitatis</span> <span class='ocrx_word' id='word_1_22' title='bbox 364 568 585 655; x_wconf 90' lang='lat' dir='ltr'>philosophos,</span> <span class='ocrx_word' id='word_1_23' title='bbox 611 566 668 652; x_wconf 92' lang='lat' dir='ltr'>qui</span> <span class='ocrx_word' id='word_1_24' title='bbox 695 563 867 716; x_wconf 71' lang='lat' dir='ltr'>Symposia</span> <span class='ocrx_word' id='word_1_25' title='bbox 893 556 1081 647; x_wconf 71' lang='lat' dir='ltr'>senta-ent,</span> <span class='ocrx_word' id='word_1_26' title='bbox 1115 580 1153 636; x_wconf 91' lang='lat' dir='ltr'>ut</span> 
     </span>
     <span class='ocr_line' id='line_1_5' title="bbox 142 651 1155 740; baseline -0.001 -19"><span class='ocrx_word' id='word_1_27' title='bbox 142 656 194 721; x_wconf 88' lang='lat' dir='ltr'>vel</span> <span class='ocrx_word' id='word_1_28' title='bbox 215 678 290 720; x_wconf 85' lang='lat' dir='ltr'>suas</span> <span class='ocrx_word' id='word_1_29' title='bbox 312 655 352 719; x_wconf 92' lang='lat' dir='ltr'>de</span> <span class='ocrx_word' id='word_1_30' title='bbox 373 676 481 719; x_wconf 88' lang='lat' dir='ltr'>amore</span> <span class='ocrx_word' id='word_1_31' title='bbox 502 652 666 740; x_wconf 77' lang='lat' dir='ltr'>opiniones</span> <span class='ocrx_word' id='word_1_32' title='bbox 686 652 740 717; x_wconf 89' lang='lat' dir='ltr'>vel</span> <span class='ocrx_word' id='word_1_33' title='bbox 760 673 780 714; x_wconf 92' lang='lat' dir='ltr'>a</span> <span class='ocrx_word' id='word_1_34' title='bbox 792 651 822 715; x_wconf 87' lang='lat' dir='ltr'>‘a</span> <span class='ocrx_word' id='word_1_35' title='bbox 842 651 936 716; x_wconf 89' lang='lat' dir='ltr'>etiam</span> <span class='ocrx_word' id='word_1_36' title='bbox 957 652 1074 738; x_wconf 92' lang='lat' dir='ltr'>placita</span> <span class='ocrx_word' id='word_1_37' title='bbox 1095 677 1155 720; x_wconf 89' lang='lat' dir='ltr'>sua</span> 
     </span>
     <span class='ocr_line' id='line_1_6' title="bbox 140 734 1151 820; baseline -0.001 -15"><span class='ocrx_word' id='word_1_38' title='bbox 140 740 345 818; x_wconf 81' lang='lat' dir='ltr'>illustrarent,</span> <span class='ocrx_word' id='word_1_39' title='bbox 389 760 504 804; x_wconf 89' lang='lat' dir='ltr'>uorum</span> <span class='ocrx_word' id='word_1_40' title='bbox 517 736 670 803; x_wconf 91' lang='lat' dir='ltr'>memoria</span> <span class='ocrx_word' id='word_1_41' title='bbox 682 757 783 820; x_wconf 90' lang='lat' dir='ltr'>quum</span> <span class='ocrx_word' id='word_1_42' title='bbox 796 735 836 801; x_wconf 90' lang='lat' dir='ltr'>ab</span> <span class='ocrx_word' id='word_1_43' title='bbox 850 734 932 813; x_wconf 89' lang='lat' dir='ltr'>aliis,</span> <span class='ocrx_word' id='word_1_44' title='bbox 947 745 1014 801; x_wconf 90' lang='lat' dir='ltr'>tum</span> <span class='ocrx_word' id='word_1_45' title='bbox 1028 760 1048 802; x_wconf 98' lang='lat' dir='ltr'>a</span> <span class='ocrx_word' id='word_1_46' title='bbox 1060 736 1151 804; x_wconf 90' lang='lat' dir='ltr'>Plu-</span> 
     </span>
     <span class='ocr_line' id='line_1_7' title="bbox 141 760 1222 904; baseline -0.002 -14"><span class='ocrx_word' id='word_1_47' title='bbox 141 825 277 890; x_wconf 89' lang='lat' dir='ltr'>tarcho</span> <span class='ocrx_word' id='word_1_48' title='bbox 303 824 338 888; x_wconf 94' lang='lat' dir='ltr'>in</span> <span class='ocrx_word' id='word_1_49' title='bbox 366 760 576 904; x_wconf 56' lang='lat' dir='ltr'>Cuaestionn.</span> <span class='ocrx_word' id='word_1_50' title='bbox 608 819 836 888; x_wconf 71' lang='lat' dir='ltr'>convivalibus</span> <span class='ocrx_word' id='word_1_51' title='bbox 865 829 989 885; x_wconf 88' lang='lat' dir='ltr'>servata</span> <span class='ocrx_word' id='word_1_52' title='bbox 1015 831 1073 887; x_wconf 89' lang='lat' dir='ltr'>est.</span> <span class='ocrx_word' id='word_1_53' title='bbox 1112 823 1153 888; x_wconf 94' lang='lat' dir='ltr'>In</span> <span class='ocrx_word' id='word_1_54' title='bbox 1214 848 1222 862; x_wconf 48' lang='grc' dir='ltr'>ι</span> 
     </span>
     <span class='ocr_line' id='line_1_8' title="bbox 91 905 1152 994; baseline -0.001 -21"><span class='ocrx_word' id='word_1_55' title='bbox 91 982 93 987; x_wconf 48' lang='grc'>,</span> <span class='ocrx_word' id='word_1_56' title='bbox 140 931 277 994; x_wconf 92' lang='lat' dir='ltr'>quorum</span> <span class='ocrx_word' id='word_1_57' title='bbox 297 929 430 974; x_wconf 88' lang='lat' dir='ltr'>numero</span> <span class='ocrx_word' id='word_1_58' title='bbox 452 908 592 985; x_wconf 86' lang='lat' dir='ltr'>fuerunt,</span> <span class='ocrx_word' id='word_1_59' title='bbox 613 915 649 972; x_wconf 92' lang='lat' dir='ltr'>ut</span> <span class='ocrx_word' id='word_1_60' title='bbox 667 905 747 971; x_wconf 73' lang='lat' dir='ltr'>dios</span> <span class='ocrx_word' id='word_1_61' title='bbox 761 915 892 983; x_wconf 88' lang='lat' dir='ltr'>taceam,</span> <span class='ocrx_word' id='word_1_62' title='bbox 916 905 1011 971; x_wconf 91' lang='lat' dir='ltr'>etiam</span> <span class='ocrx_word' id='word_1_63' title='bbox 1024 908 1152 975; x_wconf 81' lang='lat' dir='ltr'>Aristo-</span> 
     </span>
     <span class='ocr_line' id='line_1_9' title="bbox 141 990 1153 1080; baseline -0.002 -20"><span class='ocrx_word' id='word_1_64' title='bbox 141 994 222 1061; x_wconf 89' lang='lat' dir='ltr'>teles</span> <span class='ocrx_word' id='word_1_65' title='bbox 243 1003 277 1058; x_wconf 91' lang='lat' dir='ltr'>et</span> <span class='ocrx_word' id='word_1_66' title='bbox 299 991 513 1080; x_wconf 83' lang='lat' dir='ltr'>Speusippus,</span> <span class='ocrx_word' id='word_1_67' title='bbox 534 990 680 1077; x_wconf 70' lang='lat' dir='ltr'>Platonip</span> <span class='ocrx_word' id='word_1_68' title='bbox 700 1013 741 1056; x_wconf 88' lang='lat' dir='ltr'>ex</span> <span class='ocrx_word' id='word_1_69' title='bbox 764 1011 869 1056; x_wconf 89' lang='lat' dir='ltr'>sorore</span> <span class='ocrx_word' id='word_1_70' title='bbox 891 1012 1003 1076; x_wconf 30' lang='lat' dir='ltr'>nep-os,</span> <span class='ocrx_word' id='word_1_71' title='bbox 1026 991 1066 1057; x_wconf 92' lang='lat' dir='ltr'>de</span> <span class='ocrx_word' id='word_1_72' title='bbox 1080 993 1153 1077; x_wconf 91' lang='lat' dir='ltr'>qui-</span> 
     </span>
     <span class='ocr_line' id='line_1_10' title="bbox 141 1071 1167 1157; baseline -0.001 -14"><span class='ocrx_word' id='word_1_73' title='bbox 141 1078 203 1144; x_wconf 92' lang='lat' dir='ltr'>bus</span> <span class='ocrx_word' id='word_1_74' title='bbox 229 1077 304 1142; x_wconf 87' lang='lat' dir='ltr'>vide</span> <span class='ocrx_word' id='word_1_75' title='bbox 329 1076 473 1142; x_wconf 85' lang='lat' dir='ltr'>Athen.</span> <span class='ocrx_word' id='word_1_76' title='bbox 493 1074 572 1141; x_wconf 87' lang='lat' dir='ltr'>XV.</span> <span class='ocrx_word' id='word_1_77' title='bbox 595 1075 644 1140; x_wconf 88' lang='grc'>16.</span> <span class='ocrx_word' id='word_1_78' title='bbox 673 1074 846 1140; x_wconf 88' lang='lat' dir='ltr'>Macrob.</span> <span class='ocrx_word' id='word_1_79' title='bbox 874 1071 1003 1140; x_wconf 85' lang='lat' dir='ltr'>Satmn.</span> <span class='ocrx_word' id='word_1_80' title='bbox 1026 1075 1101 1143; x_wconf 90' lang='lat' dir='ltr'><strong>VII.</strong></span> <span class='ocrx_word' id='word_1_81' title='bbox 1122 1079 1167 1157; x_wconf 58' lang='lat'>3„</span> 
     </span>
     <span class='ocr_line' id='line_1_11' title="bbox 142 1157 1153 1244; baseline 0.001 -17"><span class='ocrx_word' id='word_1_82' title='bbox 142 1161 342 1227; x_wconf 89' lang='lat' dir='ltr'>Plutarch</span> <span class='ocrx_word' id='word_1_83' title='bbox 366 1160 500 1242; x_wconf 69' lang='lat' dir='ltr'>Quaest.</span> <span class='ocrx_word' id='word_1_84' title='bbox 523 1157 701 1226; x_wconf 80' lang='lat' dir='ltr'>Convivall.</span> <span class='ocrx_word' id='word_1_85' title='bbox 724 1159 768 1225; x_wconf 91' lang='lat' dir='ltr'>in.</span> <span class='ocrx_word' id='word_1_86' title='bbox 812 1157 855 1223; x_wconf 83' lang='lat' dir='ltr'>Et</span> <span class='ocrx_word' id='word_1_87' title='bbox 882 1159 996 1225; x_wconf 91' lang='lat' dir='ltr'>horum</span> <span class='ocrx_word' id='word_1_88' title='bbox 1022 1162 1153 1244; x_wconf 90' lang='lat' dir='ltr'>quidem</span> 
     </span>
     <span class='ocr_line' id='line_1_12' title="bbox 143 1244 1153 1334; baseline 0.002 -23"><span class='ocrx_word' id='word_1_89' title='bbox 143 1246 263 1333; x_wconf 91' lang='lat' dir='ltr'>scripta</span> <span class='ocrx_word' id='word_1_90' title='bbox 283 1268 322 1311; x_wconf 91' lang='lat' dir='ltr'>eo</span> <span class='ocrx_word' id='word_1_91' title='bbox 342 1247 446 1334; x_wconf 85' lang='lat' dir='ltr'>magis</span> <span class='ocrx_word' id='word_1_92' title='bbox 469 1245 642 1311; x_wconf 91' lang='lat' dir='ltr'>dolendum</span> <span class='ocrx_word' id='word_1_93' title='bbox 662 1254 713 1310; x_wconf 90' lang='lat' dir='ltr'>est</span> <span class='ocrx_word' id='word_1_94' title='bbox 733 1244 819 1329; x_wconf 92' lang='lat' dir='ltr'>quod</span> <span class='ocrx_word' id='word_1_95' title='bbox 846 1266 911 1324; x_wconf 79' lang='lat' dir='ltr'>pon</span> <span class='ocrx_word' id='word_1_96' title='bbox 938 1246 1077 1310; x_wconf 88' lang='lat' dir='ltr'>tulerunt</span> <span class='ocrx_word' id='word_1_97' title='bbox 1099 1270 1153 1313; x_wconf 89' lang='lat' dir='ltr'>ae-</span> 
     </span>
     <span class='ocr_line' id='line_1_13' title="bbox 142 1328 1155 1415; baseline 0.003 -20"><span class='ocrx_word' id='word_1_98' title='bbox 142 1342 249 1409; x_wconf 89' lang='lat' dir='ltr'>tatem,</span> <span class='ocrx_word' id='word_1_99' title='bbox 273 1331 348 1414; x_wconf 89' lang='lat' dir='ltr'>quia</span> <span class='ocrx_word' id='word_1_100' title='bbox 368 1332 437 1396; x_wconf 86' lang='lat' dir='ltr'>eine</span> <span class='ocrx_word' id='word_1_101' title='bbox 459 1329 557 1396; x_wconf 88' lang='lat' dir='ltr'>dubio</span> <span class='ocrx_word' id='word_1_102' title='bbox 577 1329 709 1395; x_wconf 84' lang='lat' dir='ltr'>indeed</span> <span class='ocrx_word' id='word_1_103' title='bbox 728 1328 886 1395; x_wconf 79' lang='lat' dir='ltr'>Platonici</span> <span class='ocrx_word' id='word_1_104' title='bbox 907 1330 1014 1415; x_wconf 90' lang='lat' dir='ltr'>operis</span> <span class='ocrx_word' id='word_1_105' title='bbox 1035 1330 1155 1409; x_wconf 68' lang='lat' dir='ltr'>intelli,</span> 
     </span>
     <span class='ocr_line' id='line_1_14' title="bbox 140 1413 1153 1503; baseline 0.001 -21"><span class='ocrx_word' id='word_1_106' title='bbox 140 1416 281 1503; x_wconf 86' lang='lat' dir='ltr'>gentiam</span> <span class='ocrx_word' id='word_1_107' title='bbox 302 1438 367 1482; x_wconf 92' lang='lat' dir='ltr'>non</span> <span class='ocrx_word' id='word_1_108' title='bbox 387 1437 503 1502; x_wconf 89' lang='lat' dir='ltr'>parum</span> <span class='ocrx_word' id='word_1_109' title='bbox 523 1413 670 1480; x_wconf 89' lang='lat' dir='ltr'>utilitatis</span> <span class='ocrx_word' id='word_1_110' title='bbox 691 1413 875 1500; x_wconf 80' lang='lat' dir='ltr'>percepturi</span> <span class='ocrx_word' id='word_1_111' title='bbox 897 1435 1049 1483; x_wconf 88' lang='lat' dir='ltr'>essemus.</span> <span class='ocrx_word' id='word_1_112' title='bbox 1086 1417 1153 1483; x_wconf 92' lang='lat' dir='ltr'>Ve-</span> 
     </span>
     <span class='ocr_line' id='line_1_15' title="bbox 139 1498 1154 1587; baseline 0.003 -22"><span class='ocrx_word' id='word_1_113' title='bbox 139 1524 211 1565; x_wconf 92' lang='lat' dir='ltr'>rum</span> <span class='ocrx_word' id='word_1_114' title='bbox 238 1501 388 1585; x_wconf 89' lang='lat' dir='ltr'>quoniam</span> <span class='ocrx_word' id='word_1_115' title='bbox 415 1523 497 1584; x_wconf 89' lang='lat' dir='ltr'>quae</span> <span class='ocrx_word' id='word_1_116' title='bbox 521 1499 619 1564; x_wconf 89' lang='lat' dir='ltr'>semel</span> <span class='ocrx_word' id='word_1_117' title='bbox 638 1498 766 1587; x_wconf 80' lang='lat' dir='ltr'>perdita</span> <span class='ocrx_word' id='word_1_118' title='bbox 780 1510 881 1578; x_wconf 81' lang='lat' dir='ltr'>sunt,</span> <span class='ocrx_word' id='word_1_119' title='bbox 916 1522 954 1564; x_wconf 90' lang='lat' dir='ltr'>ea</span> <span class='ocrx_word' id='word_1_120' title='bbox 979 1522 1154 1587; x_wconf 85' lang='lat' dir='ltr'>numquam</span> 
     </span>
     <span class='ocr_line' id='line_1_16' title="bbox 140 1583 1153 1671; baseline 0.002 -21"><span class='ocrx_word' id='word_1_121' title='bbox 140 1594 276 1671; x_wconf 88' lang='lat' dir='ltr'>possunt</span> <span class='ocrx_word' id='word_1_122' title='bbox 296 1583 438 1662; x_wconf 88' lang='lat' dir='ltr'>restitui,</span> <span class='ocrx_word' id='word_1_123' title='bbox 461 1595 641 1670; x_wconf 83' lang='lat' dir='ltr'>temporum</span> <span class='ocrx_word' id='word_1_124' title='bbox 660 1583 810 1648; x_wconf 90' lang='lat' dir='ltr'>iniuriam</span> <span class='ocrx_word' id='word_1_125' title='bbox 823 1585 1022 1649; x_wconf 86' lang='lat' dir='ltr'>consolemur</span> <span class='ocrx_word' id='word_1_126' title='bbox 1037 1587 1094 1666; x_wconf 90' lang='lat' dir='ltr'>sic,</span> <span class='ocrx_word' id='word_1_127' title='bbox 1116 1599 1153 1652; x_wconf 91' lang='lat' dir='ltr'>ut</span> 
     </span>
     <span class='ocr_line' id='line_1_17' title="bbox 164 1667 1152 1756; baseline 0.002 -22"><span class='ocrx_word' id='word_1_128' title='bbox 164 1691 224 1734; x_wconf 89' lang='lat' dir='ltr'>uae</span> <span class='ocrx_word' id='word_1_129' title='bbox 250 1669 335 1733; x_wconf 89' lang='lat' dir='ltr'>bona</span> <span class='ocrx_word' id='word_1_130' title='bbox 359 1667 454 1734; x_wconf 85' lang='lat' dir='ltr'>nobis</span> <span class='ocrx_word' id='word_1_131' title='bbox 474 1667 580 1733; x_wconf 87' lang='lat' dir='ltr'>adhuc</span> <span class='ocrx_word' id='word_1_132' title='bbox 606 1678 791 1755; x_wconf 74' lang='lat' dir='ltr'>supersimt,</span> <span class='ocrx_word' id='word_1_133' title='bbox 823 1667 863 1732; x_wconf 93' lang='lat' dir='ltr'>iis</span> <span class='ocrx_word' id='word_1_134' title='bbox 891 1669 1051 1753; x_wconf 81' lang='lat' dir='ltr'>sapienter</span> <span class='ocrx_word' id='word_1_135' title='bbox 1077 1694 1152 1756; x_wconf 86' lang='lat' dir='ltr'>per-</span> 
     </span>
     <span class='ocr_line' id='line_1_18' title="bbox 196 1751 1151 1820; baseline 0.003 -3"><span class='ocrx_word' id='word_1_136' title='bbox 196 1775 287 1817; x_wconf 87' lang='lat' dir='ltr'>amur</span> <span class='ocrx_word' id='word_1_137' title='bbox 314 1762 347 1818; x_wconf 89' lang='lat' dir='ltr'>et</span> <span class='ocrx_word' id='word_1_138' title='bbox 373 1752 415 1816; x_wconf 89' lang='lat' dir='ltr'>ad</span> <span class='ocrx_word' id='word_1_139' title='bbox 444 1774 590 1819; x_wconf 83' lang='lat' dir='ltr'>caussam</span> <span class='ocrx_word' id='word_1_140' title='bbox 610 1751 814 1818; x_wconf 87' lang='lat' dir='ltr'>humanitatis</span> <span class='ocrx_word' id='word_1_141' title='bbox 835 1753 1006 1819; x_wconf 87' lang='lat' dir='ltr'>iuvandam</span> <span class='ocrx_word' id='word_1_142' title='bbox 1027 1767 1151 1820; x_wconf 90' lang='lat' dir='ltr'>susten·</span> 
     </span>
     <span class='ocr_line' id='line_1_19' title="bbox 141 1838 883 1935; baseline 0 -33"><span class='ocrx_word' id='word_1_143' title='bbox 141 1838 334 1935; x_wconf 79' lang='lat' dir='ltr'>tandemque</span> <span class='ocrx_word' id='word_1_144' title='bbox 354 1848 491 1902; x_wconf 88' lang='lat' dir='ltr'>utamur.</span> <span class='ocrx_word' id='word_1_145' title='bbox 878 1840 883 1850; x_wconf 86' lang='lat'>&#39;</span> 
     </span>
    </p>
   </div>
   <div class='ocr_carea' id='block_1_2' title="bbox 550 1982 749 1990">
    <p class='ocr_par' dir='ltr' id='par_1_2' title="bbox 550 1982 749 1990">
     <span class='ocr_line' id='line_1_20' title="bbox 550 1982 749 1990; baseline 0.01 -2"><span class='ocrx_word' id='word_1_146' title='bbox 550 1982 749 1990; x_wconf 73' lang='lat'>—--——-——</span> 
     </span>
    </p>
   </div>
   <div class='ocr_carea' id='block_1_3' title="bbox 498 2108 793 2187">
    <p class='ocr_par' dir='ltr' id='par_1_3' title="bbox 498 2108 793 2187">
     <span class='ocr_line' id='line_1_21' title="bbox 498 2108 793 2187; baseline -0.007 -1"><span class='ocrx_word' id='word_1_147' title='bbox 498 2108 793 2187; x_wconf 79' lang='lat' dir='ltr'><strong>CODICES.</strong></span> 
     </span>
    </p>
   </div>
   <div class='ocr_carea' id='block_1_4' title="bbox 183 2218 1196 2349">
    <p class='ocr_par' dir='ltr' id='par_1_4' title="bbox 183 2218 1196 2349">
     <span class='ocr_line' id='line_1_22' title="bbox 183 2218 1196 2349; baseline 0.004 -23"><span class='ocrx_word' id='word_1_148' title='bbox 183 2267 410 2327; x_wconf 90' lang='lat' dir='ltr'>Bodleianus</span> <span class='ocrx_word' id='word_1_149' title='bbox 436 2285 460 2325; x_wconf 89' lang='lat' dir='ltr'>s.</span> <span class='ocrx_word' id='word_1_150' title='bbox 480 2264 720 2325; x_wconf 85' lang='lat' dir='ltr'>Clarkianus.</span> <span class='ocrx_word' id='word_1_151' title='bbox 753 2262 906 2326; x_wconf 89' lang='lat' dir='ltr'>Coislin.</span> <span class='ocrx_word' id='word_1_152' title='bbox 928 2260 1001 2349; x_wconf 88' lang='grc' dir='ltr'>(Γ),</span> <span class='ocrx_word' id='word_1_153' title='bbox 1023 2267 1151 2329; x_wconf 75' lang='lat' dir='ltr'>vata</span> <span class='ocrx_word' id='word_1_154' title='bbox 1188 2218 1196 2290; x_wconf 26' lang='grc' dir='ltr'>ἶ</span> 
     </span>
    </p>
   </div>
   <div class='ocr_carea' id='block_1_5' title="bbox 97 2348 1153 3354">
    <p class='ocr_par' dir='ltr' id='par_1_5' title="bbox 97 2348 1153 3354">
     <span class='ocr_line' id='line_1_23' title="bbox 101 2348 1153 2432; baseline 0.001 -19"><span class='ocrx_word' id='word_1_155' title='bbox 101 2404 105 2413; x_wconf 80' lang='lat'><em>.</em></span> <span class='ocrx_word' id='word_1_156' title='bbox 143 2348 261 2432; x_wconf 57' lang='lat'><strong>(225),</strong></span> <span class='ocrx_word' id='word_1_157' title='bbox 276 2371 363 2428; x_wconf 90' lang='lat' dir='ltr'>quem</span> <span class='ocrx_word' id='word_1_158' title='bbox 377 2352 499 2410; x_wconf 90' lang='lat' dir='ltr'>contulit</span> <span class='ocrx_word' id='word_1_159' title='bbox 510 2350 677 2423; x_wconf 83' lang='lat' dir='ltr'>Bekksrus3</span> <span class='ocrx_word' id='word_1_160' title='bbox 697 2351 785 2409; x_wconf 90' lang='lat' dir='ltr'>aliam</span> <span class='ocrx_word' id='word_1_161' title='bbox 800 2352 983 2411; x_wconf 86' lang='lat' dir='ltr'>collationem</span> <span class='ocrx_word' id='word_1_162' title='bbox 998 2357 1121 2414; x_wconf 88' lang='lat' dir='ltr'>subinde</span> <span class='ocrx_word' id='word_1_163' title='bbox 1135 2376 1153 2414; x_wconf 85' lang='lat' dir='ltr'>a</span> 
     </span>
     <span class='ocr_line' id='line_1_24' title="bbox 141 2435 1153 2515; baseline 0.002 -19"><span class='ocrx_word' id='word_1_164' title='bbox 141 2438 266 2497; x_wconf 86' lang='lat' dir='ltr'>Bekheri</span> <span class='ocrx_word' id='word_1_165' title='bbox 286 2437 398 2496; x_wconf 89' lang='lat' dir='ltr'>indiciis</span> <span class='ocrx_word' id='word_1_166' title='bbox 419 2437 642 2515; x_wconf 88' lang='lat' dir='ltr'>discrepantem,</span> <span class='ocrx_word' id='word_1_167' title='bbox 663 2454 753 2512; x_wconf 91' lang='lat' dir='ltr'>qnam</span> <span class='ocrx_word' id='word_1_168' title='bbox 770 2435 878 2495; x_wconf 83' lang='lat' dir='ltr'>fecerat</span> <span class='ocrx_word' id='word_1_169' title='bbox 898 2437 1024 2511; x_wconf 78' lang='lat' dir='ltr'>Bastiae,</span> <span class='ocrx_word' id='word_1_170' title='bbox 1046 2440 1153 2514; x_wconf 82' lang='lat' dir='ltr'>insigni</span> 
     </span>
     <span class='ocr_line' id='line_1_25' title="bbox 140 2521 1151 2594; baseline 0.002 -14"><span class='ocrx_word' id='word_1_171' title='bbox 140 2522 316 2582; x_wconf 81' lang='lat' dir='ltr'>humanitati</span> <span class='ocrx_word' id='word_1_172' title='bbox 341 2521 412 2580; x_wconf 87' lang='lat' dir='ltr'><strong>Chr.</strong></span> <span class='ocrx_word' id='word_1_173' title='bbox 438 2522 501 2580; x_wconf 82' lang='lat' dir='ltr'>Fal.</span> <span class='ocrx_word' id='word_1_174' title='bbox 526 2521 658 2594; x_wconf 80' lang='lat' dir='ltr'>Baehrii,</span> <span class='ocrx_word' id='word_1_175' title='bbox 692 2521 747 2580; x_wconf 80' lang='lat' dir='ltr'>viri</span> <span class='ocrx_word' id='word_1_176' title='bbox 770 2521 971 2594; x_wconf 87' lang='lat' dir='ltr'>eruditissimi,</span> <span class='ocrx_word' id='word_1_177' title='bbox 1001 2524 1151 2582; x_wconf 85' lang='lat' dir='ltr'>debemus.</span> 
     </span>
     <span class='ocr_line' id='line_1_26' title="bbox 140 2599 1152 2681; baseline -0.002 -13"><span class='ocrx_word' id='word_1_178' title='bbox 140 2608 228 2668; x_wconf 84' lang='lat' dir='ltr'>Van.</span> <span class='ocrx_word' id='word_1_179' title='bbox 245 2601 279 2666; x_wconf 91' lang='grc' dir='ltr'>Ξ.</span> <span class='ocrx_word' id='word_1_180' title='bbox 301 2607 402 2666; x_wconf 92' lang='lat' dir='ltr'>Vind.</span> <span class='ocrx_word' id='word_1_181' title='bbox 418 2599 540 2665; x_wconf 75' lang='lat' dir='ltr'>lnobis</span> <span class='ocrx_word' id='word_1_182' title='bbox 559 2607 630 2666; x_wconf 91' lang='lat' dir='ltr'>olim</span> <span class='ocrx_word' id='word_1_183' title='bbox 649 2624 730 2664; x_wconf 90' lang='lat' dir='ltr'>num.</span> <span class='ocrx_word' id='word_1_184' title='bbox 742 2602 772 2664; x_wconf 78' lang='lat'>2.</span> <span class='ocrx_word' id='word_1_185' title='bbox 784 2606 926 2681; x_wconf 85' lang='lat' dir='ltr'>signatus.</span> <span class='ocrx_word' id='word_1_186' title='bbox 948 2606 1109 2667; x_wconf 84' lang='lat' dir='ltr'>Vindob.</span> <span class='ocrx_word' id='word_1_187' title='bbox 1122 2604 1152 2666; x_wconf 92' lang='grc'>1.</span> 
     </span>
     <span class='ocr_line' id='line_1_27' title="bbox 140 2690 1151 2769; baseline -0.001 -18"><span class='ocrx_word' id='word_1_188' title='bbox 140 2703 170 2753; x_wconf 91' lang='lat' dir='ltr'>et</span> <span class='ocrx_word' id='word_1_189' title='bbox 190 2691 219 2751; x_wconf 82' lang='lat'>7.</span> <span class='ocrx_word' id='word_1_190' title='bbox 244 2711 263 2750; x_wconf 91' lang='lat' dir='ltr'>a</span> <span class='ocrx_word' id='word_1_191' title='bbox 281 2693 383 2751; x_wconf 84' lang='lat' dir='ltr'>Bastia</span> <span class='ocrx_word' id='word_1_192' title='bbox 408 2692 440 2749; x_wconf 96' lang='lat' dir='ltr'>in</span> <span class='ocrx_word' id='word_1_193' title='bbox 459 2693 617 2769; x_wconf 90' lang='lat' dir='ltr'>scriptione</span> <span class='ocrx_word' id='word_1_194' title='bbox 635 2691 681 2750; x_wconf 91' lang='lat' dir='ltr'>De</span> <span class='ocrx_word' id='word_1_195' title='bbox 703 2690 856 2769; x_wconf 85' lang='lat' dir='ltr'>Symposio</span> <span class='ocrx_word' id='word_1_196' title='bbox 873 2690 992 2752; x_wconf 86' lang='lat' dir='ltr'>Platon.</span> <span class='ocrx_word' id='word_1_197' title='bbox 1017 2692 1151 2762; x_wconf 82' lang='lat' dir='ltr'>adhibiti3</span> 
     </span>
     <span class='ocr_line' id='line_1_28' title="bbox 139 2770 1151 2857; baseline -0.003 -20"><span class='ocrx_word' id='word_1_198' title='bbox 139 2770 876 2857; x_wconf 80' lang='lat' dir='ltr'>ParisiniDEFK(oodKetiamBipontiniusi</span> <span class='ocrx_word' id='word_1_199' title='bbox 885 2771 979 2856; x_wconf 87' lang='lat' dir='ltr'>sunt).</span> <span class='ocrx_word' id='word_1_200' title='bbox 991 2775 1114 2837; x_wconf 82' lang='lat' dir='ltr'>Ambr.</span> <span class='ocrx_word' id='word_1_201' title='bbox 1125 2796 1151 2835; x_wconf 90' lang='lat' dir='ltr'>r.</span> 
     </span>
     <span class='ocr_line' id='line_1_29' title="bbox 140 2856 1152 2941; baseline 0.003 -22"><span class='ocrx_word' id='word_1_202' title='bbox 140 2862 268 2937; x_wconf 83' lang='lat' dir='ltr'>Angel.</span> <span class='ocrx_word' id='word_1_203' title='bbox 279 2881 355 2920; x_wconf 79' lang='lat' dir='ltr'>uw.</span> <span class='ocrx_word' id='word_1_204' title='bbox 368 2860 622 2938; x_wconf 86' lang='lat' dir='ltr'>Vatic.n.p.r.s.</span> <span class='ocrx_word' id='word_1_205' title='bbox 638 2860 722 2919; x_wconf 88' lang='lat' dir='ltr'>Ven.</span> <span class='ocrx_word' id='word_1_206' title='bbox 732 2870 753 2919; x_wconf 90' lang='lat' dir='ltr'>t.</span> <span class='ocrx_word' id='word_1_207' title='bbox 760 2856 940 2941; x_wconf 86' lang='lat' dir='ltr'>(postremus</span> <span class='ocrx_word' id='word_1_208' title='bbox 947 2863 1152 2938; x_wconf 83' lang='lat' dir='ltr'>hberpriorem</span> 
     </span>
     <span class='ocr_line' id='line_1_30' title="bbox 140 2940 1151 3025; baseline 0.002 -23"><span class='ocrx_word' id='word_1_209' title='bbox 140 2952 255 3003; x_wconf 88' lang='lat' dir='ltr'>tantum</span> <span class='ocrx_word' id='word_1_210' title='bbox 270 2943 418 3020; x_wconf 83' lang='lat' dir='ltr'>Symposii</span> <span class='ocrx_word' id='word_1_211' title='bbox 436 2954 548 3020; x_wconf 84' lang='lat' dir='ltr'>partem</span> <span class='ocrx_word' id='word_1_212' title='bbox 561 2940 716 3025; x_wconf 86' lang='lat' dir='ltr'>continet).</span> <span class='ocrx_word' id='word_1_213' title='bbox 738 2944 945 3004; x_wconf 81' lang='lat' dir='ltr'>Florentini</span> <span class='ocrx_word' id='word_1_214' title='bbox 958 2965 986 3004; x_wconf 88' lang='lat' dir='ltr'>a.</span> <span class='ocrx_word' id='word_1_215' title='bbox 1001 2947 1030 3004; x_wconf 88' lang='lat' dir='ltr'>b.</span> <span class='ocrx_word' id='word_1_216' title='bbox 1045 2964 1071 3005; x_wconf 87' lang='lat' dir='ltr'>e.</span> <span class='ocrx_word' id='word_1_217' title='bbox 1085 2947 1106 3004; x_wconf 90' lang='lat' dir='ltr'>i.</span> <span class='ocrx_word' id='word_1_218' title='bbox 1120 2966 1151 3005; x_wconf 92' lang='lat' dir='ltr'>n.</span> 
     </span>
     <span class='ocr_line' id='line_1_31' title="bbox 140 3026 1153 3106; baseline 0.003 -20"><span class='ocrx_word' id='word_1_219' title='bbox 140 3026 308 3086; x_wconf 85' lang='lat' dir='ltr'>Palatini</span> <span class='ocrx_word' id='word_1_220' title='bbox 320 3027 469 3104; x_wconf 83' lang='lat' dir='ltr'>Excerpta</span> <span class='ocrx_word' id='word_1_221' title='bbox 483 3046 502 3085; x_wconf 91' lang='lat' dir='ltr'>a</span> <span class='ocrx_word' id='word_1_222' title='bbox 516 3027 661 3087; x_wconf 70' lang='lat' dir='ltr'>Crenzuo</span> <span class='ocrx_word' id='word_1_223' title='bbox 675 3029 784 3106; x_wconf 89' lang='lat' dir='ltr'>publici</span> <span class='ocrx_word' id='word_1_224' title='bbox 802 3029 872 3087; x_wconf 88' lang='lat' dir='ltr'>iuris</span> <span class='ocrx_word' id='word_1_225' title='bbox 885 3029 972 3089; x_wconf 67' lang='lat' dir='ltr'>inem.</span> <span class='ocrx_word' id='word_1_226' title='bbox 993 3030 1153 3089; x_wconf 84' lang='lat' dir='ltr'>Praeterea</span> 
     </span>
     <span class='ocr_line' id='line_1_32' title="bbox 141 3106 1151 3188; baseline 0.004 -18"><span class='ocrx_word' id='word_1_227' title='bbox 141 3110 309 3171; x_wconf 87' lang='lat' dir='ltr'>Rtiekertus</span> <span class='ocrx_word' id='word_1_228' title='bbox 334 3111 467 3170; x_wconf 84' lang='lat' dir='ltr'>adhibuit</span> <span class='ocrx_word' id='word_1_229' title='bbox 489 3111 730 3173; x_wconf 87' lang='lat' dir='ltr'>Raudnitienscm</span> <span class='ocrx_word' id='word_1_230' title='bbox 754 3113 860 3171; x_wconf 80' lang='lat' dir='ltr'>librum</span> <span class='ocrx_word' id='word_1_231' title='bbox 884 3123 913 3172; x_wconf 90' lang='lat' dir='ltr'>et</span> <span class='ocrx_word' id='word_1_232' title='bbox 931 3106 1151 3188; x_wconf 87' lang='lat' dir='ltr'>Zittaviensem,</span> 
     </span>
     <span class='ocr_line' id='line_1_33' title="bbox 142 3191 1150 3272; baseline 0.006 -18"><span class='ocrx_word' id='word_1_233' title='bbox 142 3196 348 3272; x_wconf 87' lang='lat' dir='ltr'>quiquoniam</span> <span class='ocrx_word' id='word_1_234' title='bbox 369 3195 579 3256; x_wconf 84' lang='lat' dir='ltr'>admirabiliter</span> <span class='ocrx_word' id='word_1_235' title='bbox 599 3216 666 3257; x_wconf 85' lang='lat' dir='ltr'>eum</span> <span class='ocrx_word' id='word_1_236' title='bbox 679 3197 846 3257; x_wconf 84' lang='lat' dir='ltr'>vindobon.</span> <span class='ocrx_word' id='word_1_237' title='bbox 861 3191 887 3255; x_wconf 84' lang='grc' dir='ltr'><strong>Υ</strong></span> <span class='ocrx_word' id='word_1_238' title='bbox 900 3205 930 3256; x_wconf 93' lang='lat' dir='ltr'>et</span> <span class='ocrx_word' id='word_1_239' title='bbox 942 3193 1059 3258; x_wconf 75' lang='lat' dir='ltr'>VemE</span> <span class='ocrx_word' id='word_1_240' title='bbox 1080 3219 1150 3260; x_wconf 90' lang='lat' dir='ltr'>con-</span> 
     </span>
     <span class='ocr_line' id='line_1_34' title="bbox 97 3281 813 3354; baseline 0 -14"><span class='ocrx_word' id='word_1_241' title='bbox 97 3291 100 3295; x_wconf 81' lang='grc'><em>’</em></span> <span class='ocrx_word' id='word_1_242' title='bbox 141 3282 313 3354; x_wconf 66' lang='lat' dir='ltr'>sentinata</span> <span class='ocrx_word' id='word_1_243' title='bbox 326 3281 410 3340; x_wconf 89' lang='lat' dir='ltr'>nobis</span> <span class='ocrx_word' id='word_1_244' title='bbox 423 3299 492 3340; x_wconf 88' lang='lat' dir='ltr'>raro</span> <span class='ocrx_word' id='word_1_245' title='bbox 505 3291 576 3342; x_wconf 91' lang='lat' dir='ltr'>snut</span> <span class='ocrx_word' id='word_1_246' title='bbox 589 3281 813 3343; x_wconf 88' lang='lat' dir='ltr'>commemorati.</span> 
     </span>
    </p>
   </div>
   <div class='ocr_carea' id='block_1_6' title="bbox 224 3466 1149 4010">
    <p class='ocr_par' dir='ltr' id='par_1_6' title="bbox 224 3466 1149 4010">
     <span class='ocr_line' id='line_1_35' title="bbox 224 3466 1149 3534; baseline 0.003 -17"><span class='ocrx_word' id='word_1_247' title='bbox 224 3469 291 3519; x_wconf 88' lang='lat' dir='ltr'>inter</span> <span class='ocrx_word' id='word_1_248' title='bbox 307 3469 402 3531; x_wconf 87' lang='lat' dir='ltr'>pocula</span> <span class='ocrx_word' id='word_1_249' title='bbox 419 3471 450 3518; x_wconf 84' lang='lat' dir='ltr'>de</span> <span class='ocrx_word' id='word_1_250' title='bbox 468 3485 553 3520; x_wconf 87' lang='lat' dir='ltr'>amore</span> <span class='ocrx_word' id='word_1_251' title='bbox 571 3471 731 3520; x_wconf 72' lang='lat' dir='ltr'>dissuentem</span> <span class='ocrx_word' id='word_1_252' title='bbox 748 3468 842 3531; x_wconf 79' lang='lat' dir='ltr'>fingere</span> <span class='ocrx_word' id='word_1_253' title='bbox 859 3468 989 3519; x_wconf 87' lang='lat' dir='ltr'>voluisset.</span> <span class='ocrx_word' id='word_1_254' title='bbox 1007 3466 1096 3534; x_wconf 84' lang='lat' dir='ltr'>Neque</span> <span class='ocrx_word' id='word_1_255' title='bbox 1112 3476 1149 3520; x_wconf 86' lang='lat' dir='ltr'>ta·</span> 
     </span>
     <span class='ocr_line' id='line_1_36' title="bbox 224 3535 1149 3602; baseline 0.002 -16"><span class='ocrx_word' id='word_1_256' title='bbox 224 3551 285 3586; x_wconf 90' lang='lat' dir='ltr'>men</span> <span class='ocrx_word' id='word_1_257' title='bbox 302 3537 351 3586; x_wconf 87' lang='lat' dir='ltr'>hac</span> <span class='ocrx_word' id='word_1_258' title='bbox 369 3536 516 3588; x_wconf 80' lang='lat' dir='ltr'>defensione</span> <span class='ocrx_word' id='word_1_259' title='bbox 532 3537 658 3602; x_wconf 81' lang='lat' dir='ltr'>acquievit</span> <span class='ocrx_word' id='word_1_260' title='bbox 672 3535 886 3598; x_wconf 81' lang='lat' dir='ltr'>Hsnriehssn.‚</span> <span class='ocrx_word' id='word_1_261' title='bbox 904 3538 948 3600; x_wconf 81' lang='lat' dir='ltr'>qai</span> <span class='ocrx_word' id='word_1_262' title='bbox 959 3538 986 3588; x_wconf 92' lang='lat' dir='ltr'>in</span> <span class='ocrx_word' id='word_1_263' title='bbox 1002 3539 1149 3602; x_wconf 78' lang='lat' dir='ltr'>Epistola</span> 
     </span>
     <span class='ocr_line' id='line_1_37' title="bbox 226 3603 1149 3656; baseline 0 -1"><span class='ocrx_word' id='word_1_264' title='bbox 226 3605 342 3655; x_wconf 81' lang='lat' dir='ltr'>critica</span> <span class='ocrx_word' id='word_1_265' title='bbox 359 3607 397 3655; x_wconf 85' lang='lat' dir='ltr'>ad</span> <span class='ocrx_word' id='word_1_266' title='bbox 415 3603 482 3655; x_wconf 86' lang='lat' dir='ltr'>Car.</span> <span class='ocrx_word' id='word_1_267' title='bbox 499 3606 583 3656; x_wconf 77' lang='lat' dir='ltr'>Frid.</span> <span class='ocrx_word' id='word_1_268' title='bbox 600 3605 806 3655; x_wconf 84' lang='lat' dir='ltr'>Hermannum</span> <span class='ocrx_word' id='word_1_269' title='bbox 827 3605 863 3654; x_wconf 88' lang='lat' dir='ltr'>de</span> <span class='ocrx_word' id='word_1_270' title='bbox 880 3605 1014 3656; x_wconf 89' lang='lat' dir='ltr'>consilio</span> <span class='ocrx_word' id='word_1_271' title='bbox 1033 3605 1149 3656; x_wconf 85' lang='lat' dir='ltr'>Convi·</span> 
     </span>
     <span class='ocr_line' id='line_1_38' title="bbox 225 3668 1149 3737; baseline 0.003 -18"><span class='ocrx_word' id='word_1_272' title='bbox 225 3672 269 3721; x_wconf 87' lang='lat' dir='ltr'>vii</span> <span class='ocrx_word' id='word_1_273' title='bbox 285 3668 524 3736; x_wconf 80' lang='lat' dir='ltr'>Xenophont&#39;ei,</span> <span class='ocrx_word' id='word_1_274' title='bbox 541 3671 652 3724; x_wconf 80' lang='lat' dir='ltr'>slaswiei</span> <span class='ocrx_word' id='word_1_275' title='bbox 663 3687 685 3721; x_wconf 82' lang='lat' dir='ltr'>a</span> <span class='ocrx_word' id='word_1_276' title='bbox 700 3676 772 3722; x_wconf 74' lang='lat'>1844.</span> <span class='ocrx_word' id='word_1_277' title='bbox 783 3672 858 3733; x_wconf 83' lang='lat' dir='ltr'>edita,</span> <span class='ocrx_word' id='word_1_278' title='bbox 875 3673 980 3737; x_wconf 80' lang='lat' dir='ltr'>singuiis</span> <span class='ocrx_word' id='word_1_279' title='bbox 998 3674 1149 3737; x_wconf 85' lang='lat' dir='ltr'>quibusdam</span> 
     </span>
     <span class='ocr_line' id='line_1_39' title="bbox 225 3737 1149 3804; baseline -0.002 -15"><span class='ocrx_word' id='word_1_280' title='bbox 225 3740 345 3802; x_wconf 80' lang='lat' dir='ltr'>pristinae</span> <span class='ocrx_word' id='word_1_281' title='bbox 362 3740 500 3791; x_wconf 86' lang='lat' dir='ltr'>sententiae</span> <span class='ocrx_word' id='word_1_282' title='bbox 517 3737 628 3804; x_wconf 82' lang='lat' dir='ltr'>partibus</span> <span class='ocrx_word' id='word_1_283' title='bbox 644 3739 747 3789; x_wconf 87' lang='lat' dir='ltr'>mutatis</span> <span class='ocrx_word' id='word_1_284' title='bbox 757 3740 881 3791; x_wconf 85' lang='lat' dir='ltr'>rationem</span> <span class='ocrx_word' id='word_1_285' title='bbox 891 3757 963 3793; x_wconf 86' lang='lat' dir='ltr'>snam</span> <span class='ocrx_word' id='word_1_286' title='bbox 979 3741 1082 3790; x_wconf 86' lang='lat' dir='ltr'>omnino</span> <span class='ocrx_word' id='word_1_287' title='bbox 1094 3740 1149 3802; x_wconf 90' lang='lat' dir='ltr'>qui-</span> 
     </span>
     <span class='ocr_line' id='line_1_40' title="bbox 227 3808 1148 3873; baseline 0 -18"><span class='ocrx_word' id='word_1_288' title='bbox 227 3808 285 3856; x_wconf 86' lang='lat' dir='ltr'>dem</span> <span class='ocrx_word' id='word_1_289' title='bbox 301 3808 429 3858; x_wconf 84' lang='lat' dir='ltr'>vindicare</span> <span class='ocrx_word' id='word_1_290' title='bbox 446 3809 550 3859; x_wconf 79' lang='lat' dir='ltr'>studuit</span> <span class='ocrx_word' id='word_1_291' title='bbox 568 3808 618 3860; x_wconf 82' lang='lat' dir='ltr'>Sed</span> <span class='ocrx_word' id='word_1_292' title='bbox 634 3823 686 3858; x_wconf 92' lang='lat' dir='ltr'>non</span> <span class='ocrx_word' id='word_1_293' title='bbox 703 3809 827 3859; x_wconf 85' lang='lat' dir='ltr'>concessit</span> <span class='ocrx_word' id='word_1_294' title='bbox 843 3809 883 3859; x_wconf 91' lang='lat' dir='ltr'>illi</span> <span class='ocrx_word' id='word_1_295' title='bbox 899 3816 988 3873; x_wconf 85' lang='lat' dir='ltr'>postca</span> <span class='ocrx_word' id='word_1_296' title='bbox 1004 3809 1148 3858; x_wconf 85' lang='lat' dir='ltr'>Herman-</span> 
     </span>
     <span class='ocr_line' id='line_1_41' title="bbox 226 3875 1148 3942; baseline 0.002 -20"><span class='ocrx_word' id='word_1_297' title='bbox 226 3888 295 3935; x_wconf 91' lang='lat' dir='ltr'>nus‚</span> <span class='ocrx_word' id='word_1_298' title='bbox 312 3877 350 3926; x_wconf 87' lang='lat' dir='ltr'>nti</span> <span class='ocrx_word' id='word_1_299' title='bbox 366 3877 421 3940; x_wconf 91' lang='lat' dir='ltr'>ipse</span> <span class='ocrx_word' id='word_1_300' title='bbox 438 3876 565 3940; x_wconf 80' lang='lat' dir='ltr'>professus</span> <span class='ocrx_word' id='word_1_301' title='bbox 582 3884 620 3927; x_wconf 85' lang='lat' dir='ltr'>est</span> <span class='ocrx_word' id='word_1_302' title='bbox 636 3877 663 3926; x_wconf 90' lang='lat' dir='ltr'>in</span> <span class='ocrx_word' id='word_1_303' title='bbox 680 3877 848 3942; x_wconf 84' lang='lat' dir='ltr'>dleputatione</span> <span class='ocrx_word' id='word_1_304' title='bbox 864 3877 909 3927; x_wconf 88' lang='lat' dir='ltr'>Da</span> <span class='ocrx_word' id='word_1_305' title='bbox 927 3875 1077 3926; x_wconf 87' lang='lat' dir='ltr'>Convivii</span> <span class='ocrx_word' id='word_1_306' title='bbox 1092 3875 1148 3925; x_wconf 87' lang='lat' dir='ltr'>Xe-</span> 
     </span>
     <span class='ocr_line' id='line_1_42' title="bbox 227 3940 997 4010; baseline 0.004 -22"><span class='ocrx_word' id='word_1_307' title='bbox 227 3941 401 4004; x_wconf 88' lang='lat' dir='ltr'>nophontei</span> <span class='ocrx_word' id='word_1_308' title='bbox 418 3945 615 4010; x_wconf 81' lang='lat' dir='ltr'>temporibus</span> <span class='ocrx_word' id='word_1_309' title='bbox 631 3943 694 3997; x_wconf 65' lang='lat' dir='ltr'>et</span> <span class='ocrx_word' id='word_1_310' title='bbox 709 3940 737 4010; x_wconf 78' lang='lat' dir='ltr'>p.</span> <span class='ocrx_word' id='word_1_311' title='bbox 749 3949 773 3995; x_wconf 81' lang='lat'>4.</span> <span class='ocrx_word' id='word_1_312' title='bbox 791 3944 861 3996; x_wconf 83' lang='lat' dir='ltr'>Gott.</span> <span class='ocrx_word' id='word_1_313' title='bbox 873 3946 910 3995; x_wconf 87' lang='lat' dir='ltr'>ed.</span> <span class='ocrx_word' id='word_1_314' title='bbox 925 3947 997 3993; x_wconf 73' lang='lat'>1844.</span> 
     </span>
    </p>
   </div>
   <div class='ocr_carea' id='block_1_7' title="bbox 547 4058 746 4068">
    <p class='ocr_par' dir='ltr' id='par_1_7' title="bbox 547 4058 746 4068">
     <span class='ocr_line' id='line_1_43' title="bbox 547 4058 746 4068; baseline -0.005 -1"><span class='ocrx_word' id='word_1_315' title='bbox 547 4058 746 4068; x_wconf 80' lang='lat'>--------</span> 
     </span>
    </p>
   </div>
   <div class='ocr_carea' id='block_1_8' title="bbox 0 0 1306 4620">
    <p class='ocr_par' dir='ltr' id='par_1_8' title="bbox 0 0 1306 4620">
     <span class='ocr_line' id='line_1_44' title="bbox 0 0 1306 4620; baseline 0 0"><span class='ocrx_word' id='word_1_316' title='bbox 0 0 1306 4620; x_wconf 95' lang='lat' dir='ltr'> </span> 
     </span>
    </p>
   </div>
  </div>
 </body>
</html>
