2604 4620
145 216 169 285 4
530 197 819 289 PRAEFATIO
886 252 894 263 ·

146 416 243 479 mm
301 391 1160 478 mmmmmhhsmmwmoewfflma

145 489 229 543 runt.
287 497 456 539 ersuasum
476 487 583 540 autem
605 475 683 540 mihi
697 487 748 542 est
761 500 812 541 me
826 490 1049 561 postmortem
1064 480 1160 546 etiam

144 561 295 627 maiorem
314 569 563 624 consecuturum
583 584 653 626 esse
671 560 865 626 felicitatem.
908 562 994 649 Nam
1006 566 1083 631 licet
1096 588 1160 629 non

143 642 367 708 affirmaverim
387 643 450 709 nisi
472 667 545 708 cum
566 646 707 729 quadam
727 646 824 710 animi
839 646 1036 725 dubitatione
1050 672 1103 713 me
1118 649 1161 713 ad

140 724 287 790 meliores
301 727 447 794 homines
462 753 533 795 esse
548 742 738 807 venturum3
755 742 861 796 tamen
875 733 917 796 ad
930 732 1067 818 optimos
1082 734 1159 798 deos

138 832 190 873 me
201 809 277 877 hinc
288 812 520 893 discessurum,
535 839 713 901 eorumque
720 817 876 902 adspectu
887 827 919 882 et
929 816 1159 903 consuetudine

139 903 231 960 tanto
250 899 355 984 magis
377 901 575 986 gavisurum,
598 925 662 986 quo
677 902 787 988 purior
803 901 1017 986 sinceriorque
1031 899 1158 964 animus

139 979 190 1042 ad
201 980 478 1150 illoq)evolaverit,
499 985 535 1046 id
557 986 687 1066 quidem
702 997 825 1051 eertum
844 997 942 1070 atque
956 1008 1067 1052 verum
1086 1005 1158 1049 esse

140 1085 306 1128 mm.

197 1145 361 1228 Quocirca
382 1148 537 1232 sapientis
568 1159 618 1213 est
642 1159 744 1214 morte
768 1153 1058 1233 appropinquante.
1075 1152 1160 1217 bono

139 1255 212 1298 esse
232 1231 354 1297 animo:
377 1256 455 1311 ,nam
476 1230 678 1317 philosophia
697 1233 743 1296 nil
763 1244 813 1297 est
833 1233 921 1296 aliud
942 1234 1005 1298 nisi
1018 1256 1098 1317 prae
1122 1259 1159 1299 a·

138 1317 222 1380 ratio
246 1328 344 1400 atque
373 1316 539 1381 meditatio
563 1316 691 1392 mortis,
717 1315 750 1379 id
777 1316 864 1398 quod
887 1315 1034 1381 homines
1114 1338 1157 1402 go

138 1398 288 1485 ignorare
302 1400 469 1464 videntur:
492 1398 662 1464 ridiculum
676 1409 784 1464 autem
798 1397 895 1463 luerit
908 1398 1080 1480 hominem,
1101 1398 1157 1483 qui

138 1493 206 1547 tota
225 1483 292 1547 vita
312 1482 558 1567 philosophatus
574 1483 630 1560 sit,
651 1483 795 1567 adeoque
809 1493 945 1548 mortem
960 1494 1157 1548 commenta·

138 1575 202 1643 tus,
221 1565 256 1629 in
276 1577 418 1631 extremo
436 1567 521 1632 vitae
540 1567 684 1653 periculo
703 1567 781 1653 angi
795 1577 892 1652 atque
906 1579 995 1632 metu
1009 1567 1158 1634 cruciari.

137 1648 271 1714 Habent
289 1661 397 1715 autem
411 1674 499 1716 mors
514 1662 610 1736 atque
624 1651 846 1737 philosophiae
861 1652 1005 1718 studium
1019 1652 1080 1718 hoc
1096 1650 1158 1718 sibi

138 1756 316 1813 commune,
332 1736 420 1819 quod
433 1746 466 1800 et
478 1737 532 1800 illa
547 1736 689 1801 animum
703 1760 723 1802 a
738 1737 882 1822 corporis
896 1737 1038 1803 vinculis
1052 1734 1158 1803 exsol-

137 1817 194 1895 vit,
215 1830 248 1883 et
266 1819 327 1886 hoc
346 1831 486 1887 mentem
506 1833 650 1887 nostram
671 1845 691 1885 a
712 1845 819 1886 rerum
834 1820 983 1886 sensibus
998 1820 1158 1886 subiecta·

136 1925 209 1968 rum
230 1904 379 1972 ludibriis
399 1907 442 1971 ad
461 1918 610 1973 aeternae
629 1905 774 1972 veritatis
795 1905 987 1989 virtutisque
1007 1915 1158 1969 constan-

138 1989 216 2053 tiam
235 1992 385 2055 traducit.
412 1990 545 2054 Etenim
565 1991 787 2073 philosophiae
807 1991 869 2055 hoc
883 2001 933 2056 est
946 1988 1158 2075 propositum,

137 2072 244 2153 utqui
259 2073 289 2133 ei
305 2074 455 2135 studeant
465 2073 612 2134 veritatis
622 2072 815 2153 virtutisque
829 2074 1005 2168 participes
1019 2073 1158 2138 reddan-

138 2164 200 2219 tur.
224 2150 323 2239 Quod
334 2153 464 2239 quidem
480 2176 544 2217 non
558 2152 696 2216 efficitur
710 2174 855 2235 corporis
870 2175 931 2235 ope
946 2166 979 2216 et
992 2156 1158 2221 beneficio.

136 2237 252 2320 Neque
267 2236 352 2301 enim
366 2236 394 2299 is
409 2258 505 2301 verus
520 2236 647 2300 videtur
660 2233 873 2319 philosophus
887 2257 968 2310 esse,
984 2238 1040 2316 qui
1054 2239 1159 2301 ventri

138 2332 171 2386 et
184 2321 280 2407 gulae
296 2320 424 2384 deditus
440 2330 499 2396 est,
521 2319 577 2402 qui
592 2319 680 2383 cultu
694 2328 874 2400 ornatuque
888 2317 1157 2401 corporis'delec-

138 2417 237 2484 tatur,
259 2405 314 2489 qui
334 2403 456 2490 gloriae
474 2403 643 2485 laudisque
666 2401 772 2464 studio
788 2400 926 2476 ducitur,
948 2401 1087 2486 denique
1102 2404 1158 2487 qui

137 2491 285 2577 indulget
304 2487 448 2574 corporis
470 2484 708 2570 voluptatibus3
731 2484 789 2549 sed
807 2484 859 2548 ille
880 2484 1008 2550 demum
1022 2486 1084 2553 hoc
1098 2510 1158 2552 no·

137 2576 223 2640 mine
237 2585 288 2638 est
302 2574 432 2660 dignus,
452 2571 508 2654 qui
522 2570 664 2634 animum
679 2593 698 2632 a
713 2568 857 2653 corporis
873 2569 1033 2648 societate,
1050 2573 1158 2655 quoad

138 2659 208 2724 eius
228 2658 298 2722 fieri
318 2656 432 2744 possit,
453 2664 623 2720 avocatum
644 2653 736 2737 quasi
754 2653 789 2717 in
808 2676 842 2718 se
862 2653 969 2738 ipsum
992 2656 1113 2742 colligit
1125 2668 1159 2721 et

137 2743 180 2808 ad
194 2765 310 2828 puram
325 2742 546 2887 sinceramqpe
557 2737 724 2803 venitatem
738 2738 956 2824 indagandam
971 2751 1003 2806 et
1014 2753 1157 2806 contem-

137 2826 291 2912 plandam
305 2825 484 2891 convertit.'
527 2823 625 2887 tenim
640 2846 754 2888 sensus
768 2824 913 2908 corporis
927 2834 1051 2889 tantum
1066 2825 1159 2890 abest
1195 2904 1201 2911 ¹

115 2958 119 2963 «
137 2921 175 2976 ut
188 2908 333 2976 veritatis
349 2909 565 2995 cognitionem
578 2907 672 2973 nobis
686 2908 832 2987 afferant,
848 2919 885 2973 ut
898 2909 1003 2977 fontes
1017 2909 1157 2975 habendi

139 2995 204 3061 sint
222 2994 438 3081 ignorantiae,
464 3003 620 3070 e'rrorum,
642 2993 861 3079 malorumque
884 2993 1035 3075 omnium.
1068 2993 1157 3059 Hinc

139 3080 224 3147 enim
237 3078 356 3144 multae
372 3078 520 3145 oriuntur
534 3078 633 3144 animi
652 3102 748 3146 curae
767 3089 799 3144 et
814 3078 1060 3155 sollicitudines3
1082 3077 1157 3142 hinc

137 3187 258 3249 pravae
279 3187 319 3228 eu
341 3161 485 3242 iditates3
511 3165 586 3230 hinc
604 3164 688 3230 bella
709 3175 742 3231 et
762 3164 950 3241 seditiones;
964 3163 1045 3229 ⁴hinc
1066 3163 1157 3226 deni-

160 3270 216 3324 ue,
238 3185 434 3332 quodplonge
450 3258 501 3311 est
514 3248 744 3322 tristissimum,
765 3271 890 3312 errores
905 3259 1002 3328 atque
1016 3245 1157 3309 fraudes.

138 3271 234 3412 &uae
247 3338 349 3415 quum
362 3332 409 3395 ita
426 3330 498 3408 sint,
514 3330 584 3395 veri
590 3328 774 3414 philosophi
787 3330 931 3392 animum
947 3351 1040 3392 suum
1055 3349 1075 3388 a
1087 3348 1157 3390 cor-

137 3415 228 3502 poris
243 3416 433 3482 commercio
456 3416 587 3480 student
604 3433 740 3477 avocare
754 3421 787 3475 et
800 3410 996 3486 abstrahere,
1016 3410 1157 3493 adeoque

138 3510 274 3567 mortem
288 3501 496 3578 meditantur,
517 3499 544 3565 si
564 3497 693 3583 quidem
714 3507 781 3561 tota
795 3518 906 3559 eorum
921 3494 987 3558 vita
1001 3493 1035 3558 in
1050 3517 1087 3558 eo
1102 3517 1156 3560 oc-

139 3594 257 3670 cupata
271 3594 332 3663 est,
353 3596 391 3650 ut
405 3585 531 3650 animus
550 3582 706 3669 ipsorum,
726 3604 746 3645 a
761 3601 894 3663 corpore
910 3578 1044 3655 solutus,
1060 3602 1155 3663 quam

137 3669 208 3735 fieri
223 3680 333 3754 potest
352 3669 535 3736 liberrimus
549 3666 731 3750 evadattt).

190 3950 539 4015 namu-mn

174 4043 536 4107 mmmm-ma
