2604 4620
323 204 329 213 ’
414 236 483 312 ιιι)
506 234 834 312 enmooueu.
989 266 992 271 -
1098 240 1141 313 ιι

135 442 193 486 nos
218 437 317 507 quum
337 420 618 486 animadvertisset
642 417 821 485 vehementi
846 417 955 484 doloro
981 417 1149 506 perculsos

136 528 218 584 esse,
251 506 294 570 ad
326 505 498 593 pristinam
532 503 777 569 immortalitatis
811 526 902 590 spem
931 515 965 570 et
995 503 1149 569 fiduciam

137 589 245 656 erexit
266 590 398 655 Monuit
419 599 528 653 autem
547 600 620 653 ante
639 589 756 667 omnia,
777 598 815 652 ut
836 587 929 653 nobis
949 610 1149 666 caveremus,

136 696 191 752 ne,
214 674 241 739 si
262 675 394 758 quando
413 673 449 736 in
471 671 539 737 veri
552 672 798 758 investigatione
818 672 1053 759 deciperemur,
1075 672 1149 737 ani-

136 781 188 823 mo
209 757 336 824 abiecto
356 755 493 821 rationis
513 766 545 820 et
564 756 782 842 philosophiae
803 779 909 821 osores
929 757 1150 823 evaderemus.

138 840 423 924 Quemadmodum
443 839 528 905 enim
547 839 713 905 hominum
732 862 852 917 osores,
872 840 986 924 inquit,
1005 842 1074 907 lieri
1095 862 1149 911 sos

135 927 204 992 lent
224 926 260 1003 ii,
282 925 349 1011 qui,
397 947 475 988 uum
495 924 535 989 de
556 923 697 1009 quolibet
717 925 838 1010 optima
858 946 1003 1025 quaeque
1023 948 1148 1013 speru-

139 1019 229 1087 sent,
255 1031 276 1073 a
296 947 444 1108 plurilus
465 1008 615 1097 deinceps
642 1008 767 1094 decepti
794 1019 869 1074 sunt
896 1019 929 1074 et
948 1032 983 1074 ιιι
1003 1009 1150 1076 fraudem

140 1092 275 1170 inducti,
296 1104 343 1157 sta
356 1093 450 1158 etiam
484 1092 516 1157 ui
539 1093 715 1159 sententias
728 1116 796 1171 eas,
818 1115 900 1178 quas
913 1093 1052 1159 maxime
1073 1116 1149 1181 pro·

142 1177 267 1255 barrmt,
287 1177 454 1265 postmodo
511 1201 563 1244 sas
578 1199 651 1243 esse
664 1188 897 1264 cognoverunt,
920 1200 1151 1264 saepenumero

139 1262 173 1326 in
193 1285 262 1327 eam
274 1261 471 1327 inducuntur
483 1261 675 1349 opinionem,
696 1273 734 1326 ut
743 1262 785 1328 de
795 1262 934 1328 veritate
952 1261 1151 1346 exquirenda

137 1356 170 1412 et
189 1345 380 1411 invenienda
393 1347 522 1412 omnino
536 1346 775 1433 desperandum
790 1347 985 1424 existiment,
1006 1346 1151 1433 adeoque

136 1431 306 1496 rationis
328 1443 365 1496 et
387 1431 607 1519 sapientiae
627 1453 764 1497 osores
791 1430 977 1517 (μισολόγοι)
998 1432 1150 1497 existant.

136 1514 250 1601 Itaque
271 1538 332 1586 nos
352 1516 459 1595 ctiam,
487 1515 613 1594 oboni,
642 1515 737 1581 nobis
759 1536 931 1582 caveamus
952 1514 995 1580 ab
1014 1516 1078 1582 isto
1098 1536 1151 1581 sr-

136 1621 234 1748 atine,d
245 1623 351 1686 neque
372 1623 431 1723 pos
451 1623 595 1687 unquam
614 1600 776 1688 patiamur
797 1622 819 1664 a
838 1598 1059 1687 philosophbe
1082 1611 1151 1666 stu·

172 1707 191 1749 o
233 1684 367 1751 eterreri
410 1733 418 1750 .

196 1689 1153 1853 Smmmsssmoemmmmmmm.hfflm

140 1849 243 1936 igitur
266 1847 582 1914 Simmiae-animum
606 1850 762 1914 contineri
780 1850 958 1926 harmonia,
1084 1849 1153 1914 sin·

200 1935 228 2000 ‘s
265 1933 411 2033 corporis
447 1931 595 2019 partibus
631 1931 714 1997 bene
745 1932 932 2018 temperatis
1018 1943 1154 1998 caretur.

176 2042 253 2082 uam
268 2029 426 2082 tatronem
445 2016 523 2081 mihi
544 2016 657 2081 videor
675 2016 726 2082 rel
747 2040 814 2081 una
834 2016 1154 2103 interrogatiuncula,

143 2125 238 2189 posse
259 2101 431 2168 constitere.
476 2099 566 2182 Quid
586 2101 692 2166 enim?
715 2123 822 2166 nonne
843 2101 878 2165 in
900 2101 1063 2187 superiore
1083 2101 1152 2167 dis·

143 2187 304 2274 putatione
322 2209 510 2252 concessum
526 2195 577 2251 est
590 2185 733 2250 animum
755 2186 909 2273 viguisse,
930 2198 1102 2271 antequem
1117 2186 1152 2253 in

141 2293 256 2357 corpus
277 2271 422 2336 veniret?
443 2270 518 2335 Hoc
537 2271 548 2334 i
575 2270 640 2335 ’tur
661 2271 784 2336 sivero
806 2271 961 2348 diximus,
983 2294 1058 2336 enm
1077 2277 1151 2357 pln-

139 2355 256 2419 rimum
266 2355 307 2419 ab
322 2354 488 2419 harmonia
525 2355 532 2369 '
559 2376 629 2420 erre
643 2377 738 2420 nemo
752 2366 802 2421 est
816 2355 895 2440 qnin
904 2355 1023 2420 videat.
1046 2353 1152 2441 Quip-

140 2461 181 2524 pe
206 2439 371 2503 harmonia
399 2439 500 2503 oritur
527 2449 597 2505 tum
626 2440 770 2518 demum,
799 2462 898 2539 quum
926 2440 1016 2524 lyrae
1043 2450 1154 2524 partes

141 2524 334 2609 compositae
356 2533 388 2588 et
402 2534 642 2610 coagmentatae
658 2535 747 2602 sunt3
770 2547 913 2590 ammum
934 2533 1043 2588 eutem
1062 2522 1151 2588 affir-

140 2631 264 2672 mamus
285 2630 419 2694 corpore
439 2609 530 2694 prius
550 2609 724 2696 lirisse”).

198 2689 265 2757 Sed
293 2693 444 2777 quoniam
472 2692 654 2758 huiusmodi
683 2693 963 2760 conclusiunculae
996 2714 1154 2780 saepenu-

141 2799 228 2841 mero
250 2788 326 2842 sunt
345 2776 490 2856 fallaces,
512 2800 589 2865 age,
618 2800 687 2843 rem
706 2779 816 2866 paullo
842 2779 938 2844 altius
958 2790 1154 2865 repetamus,

141 2860 386 2947 videamusque,
408 2861 527 2946 quibus
547 2862 589 2927 de
609 2862 717 2928 causis
737 2862 936 2930 harmoniam
957 2874 990 2928 et
1011 2864 1154 2929 animum

142 2944 228 3010 inter
256 2968 291 3010 se
319 2945 447 3010 differre
469 2947 679 3011 statuendum
700 2947 752 3012 sit.
794 2945 841 3010 Et
861 2948 1002 3032 primum
1024 2947 1155 3031 quidem

143 3028 231 3113 qnod
258 3029 299 3093 dc
325 3029 490 3093 hannonia
515 3040 603 3094 recte
631 3030 696 3093 dici
715 3040 838 3114 potest,
864 3029 974 3094 varios
994 3052 1067 3093 esse
1087 3031 1158 3092 eins

146 3111 287 3195 gradus,
314 3111 442 3174 utalia
469 3111 511 3174 sit
537 3111 688 3187 deterior,
717 3112 781 3174 alia
806 3111 1035 3195 praestantior,
1063 3110 1098 3174 id
1117 3111 1158 3174 de

146 3193 253 3257 animo
274 3191 435 3257 affirmare
448 3214 511 3256 non
524 3191 609 3271 licet,
630 3203 668 3257 ut
709 3193 744 3257 ui
765 3215 891 3279 semper
912 3193 962 3258 sui
984 3193 1096 3259 similis
1117 3195 1158 3259 sit

144 3299 249 3376 neque
276 3299 418 3360 unquam
443 3287 577 3342 naturae
605 3215 820 3343 suae‘habeat
840 3278 938 3342 ullam
959 3278 1156 3344 varietatem.

143 3361 273 3426 Deinde
287 3382 386 3445 quum
399 3359 577 3426 animorum
599 3361 664 3426 sint
677 3362 786 3427 variae
799 3363 946 3441 virtutes,
968 3385 1053 3448 quae
1063 3364 1154 3448 quasi

142 3456 300 3512 concentu
322 3445 459 3529 quodam
477 3446 695 3523 continentum
719 3447 775 3533 qui
795 3448 939 3512 animum
959 3447 1156 3513 harmoniam

142 3552 215 3595 esse
236 3530 324 3606 dicit,
346 3528 407 3594 hoc
429 3529 557 3594 debebit
573 3531 729 3609 confiteri,
743 3532 777 3595 in
798 3531 963 3597 harmonia
982 3532 1039 3596 illa
1058 3533 1156 3597 animi

142 3614 240 3680 aliam
264 3636 378 3679 rursus
404 3624 501 3699 atque
521 3614 616 3679 a‘liam
641 3615 748 3682 inesse
773 3616 986 3694 harmoniam,
1014 3615 1050 3679 id
1070 3617 1156 3701 quod

95 3774 101 3783 ,
143 3722 202 3787 per
229 3699 334 3786 ipsam
354 3698 401 3764 rei
423 3707 571 3764 naturam
598 3697 667 3766 fieri
687 3722 752 3767 non
775 3710 891 3788 potest.
923 3699 1028 3767 Porro
1050 3701 1079 3766 si
1099 3722 1156 3767 ve·

194 3980 534 4042 unmc-mc

181 4070 534 4134 &Rue-ma
