2604 4620
414 256 421 267 '
494 255 542 301 AD
565 253 779 301 strumarum.
1079 255 1142 301 LIX

143 415 199 485 qut
219 406 392 490 quaerendi
412 405 584 471 disserend'
608 427 648 471 ue
668 407 787 471 ratione
809 429 867 471 sua
887 428 996 471 rerum
1007 406 1071 471 vim
1084 429 1145 470 na-

143 503 308 575 turamque
328 491 497 575 exquirere
514 501 545 556 et
613 513 656 554 va
673 490 805 555 veritate
824 491 859 555 in
879 491 1048 557 illustriore
1067 491 1141 557 luce
1249 534 1251 540 ·

141 576 296 641 collocare
313 575 377 641 ullo
398 576 493 640 modo
512 585 652 660 possent.
675 573 748 655 Quo
769 573 897 658 'quidem
921 576 1014 640 modo
1028 575 1142 641 callide

142 671 175 723 et
192 660 288 725 veluti
309 683 366 746 per
388 671 574 724 transennas
589 656 683 724 etiam
696 659 774 723 illud
789 659 815 724 si
839 659 990 736 nificavit,
1008 659 1094 742 quod
1107 670 1143 724 ut

141 745 367 833 intelligerem
388 767 463 810 sane
476 744 647 829 plurimum
660 744 761 830 ipsius
775 682 885 809 deluit
898 744 1059 824 interesse,
1080 765 1145 827 qua

140 828 194 893 ria
214 840 248 895 et
267 829 390 894 ratione
410 829 475 893 vita
494 829 668 895 communis
689 829 784 894 altius
803 829 845 893 acl
865 828 1079 914 philosophiae
1092 828 1142 893 di-

139 914 295 999 gnitatem
305 913 396 978 evehi
410 924 447 978 et
456 914 562 979 extolli
578 924 697 1000 posset
719 912 802 978 Nam
815 936 923 977 amore
936 913 989 979 illo
1001 913 1143 1000 legitimo

141 1009 174 1062 et
194 999 352 1063 communi
373 1021 459 1071 more
479 1009 605 1085 recepto
626 999 789 1084 paullatim
802 998 844 1061 ad
857 998 1000 1063 altiorem
1015 997 1140 1084 sapien-

141 1081 209 1146 tise
231 1088 371 1148 amorem
385 1083 500 1149 educto
513 1084 652 1166 itemque
672 1083 828 1148 rhetorica
849 1094 881 1147 et
901 1083 990 1168 poesi
1010 1083 1052 1147 ad
1073 1082 1141 1147 dia-

139 1167 271 1233 lecticae
283 1167 439 1233 rationem
452 1169 627 1254 composita
636 1179 780 1253 apertum
794 1176 844 1233 est
856 1168 951 1232 etiam
961 1167 1142 1233 universam

140 1251 251 1330 vitam,
272 1261 335 1317 tam
348 1252 509 1338 publicam
529 1274 623 1337 quam
660 1253 804 1328 rivalem,
816 1252 935 1317 iudicio
950 1253 1017 1316 eius
1032 1273 1140 1316 emen·

138 1335 220 1414 dari,
235 1336 346 1421 per-fisi
359 1347 390 1401 et
403 1332 536 1423 propius
547 1276 815 1424 adphilosophiae
833 1336 1020 1422 dignitatem
1037 1347 1067 1400 et
1085 1358 1141 1400 ex-

139 1419 317 1487 cellentiam
337 1422 442 1487 edum.
466 1420 895 1520 Quamquamphilosophus
915 1422 950 1485 in
972 1418 1142 1505 Symposio

137 1504 267 1588 quidem
287 1505 329 1570 de
349 1506 423 1571 unis
436 1507 574 1571 maxime
587 1502 702 1571 amoris
716 1506 890 1571 ratiombus
911 1506 987 1607 egit,
1010 1507 1141 1571 alteram

138 1590 312 1665 sententiae
334 1600 458 1675 partem
471 1590 574 1655 obiter
587 1600 709 1655 tantum
729 1601 761 1656 et
782 1590 967 1655 secundaria
980 1612 1078 1674 opera
1092 1600 1141 1654 at-

139 1672 222 1759 tigit,
244 1674 425 1739 accuratius
446 1674 511 1739 iam
530 1674 565 1738 in
577 1672 722 1739 Phaedro
741 1675 928 1743 illustratam
944 1675 1041 1739 illam.
1072 1674 1142 1739 Iam

139 1778 218 1821 vero
236 1757 316 1823 haee
336 1759 442 1823 omnia
460 1758 625 1843 praeclaro
643 1758 776 1824 artificio
795 1759 890 1824 etiam
911 1758 955 1823 ita
968 1757 1142 1823 adornavit

138 1863 179 1906 ae
202 1841 360 1920 tractavit,
388 1852 426 1907 ut
452 1864 517 1908 una
542 1843 716 1926 eademque
744 1866 840 1929 opera
861 1842 955 1911 etiam
977 1840 1139 1908 Socratem

139 1938 299 2009 tamquam
320 1927 473 2014 'sapientis
492 1927 526 1993 in
545 1927 616 2013 ipsa
629 1928 696 1994 vita
709 1927 874 1993 constituti
887 1927 1047 2013 egregiam
1060 1927 1140 1991 ima-

137 2009 245 2095 ginem
264 2013 465 2097 proposuerit
486 2034 622 2096 eumque
643 2013 737 2078 simul
754 2012 857 2079 etiam
881 2013 922 2078 ab
947 2012 1140 2078 criminatio·

137 2093 232 2160 nihus
260 2096 526 2175 adversariorum,
552 2097 697 2184 inprimis
722 2096 960 2184 Aristophanis,
992 2095 1139 2163 urbanis-

138 2178 217 2244 sime
232 2180 450 2247 vindicaverit.
469 2181 554 2247 Nam
570 2182 662 2251 finxit
678 2184 819 2268 prolecto
832 2205 905 2253 eum
918 2181 1140 2268 philosophum

138 2274 320 2345 amatorem,
331 2266 414 2352 qui„
424 2267 548 2333 etiamsi
561 2290 625 2333 non
642 2268 781 2333 maxima
791 2289 936 2352 quaeque
946 2278 1139 2353 assequutus

138 2360 236 2428 esset,
265 2373 346 2436 quae
372 2352 417 2417 ad
440 2352 576 2438 perlecti
603 2352 718 2418 amoris
744 2353 871 2418 laudem
891 2353 1138 2435 requirerentur,
1205 2358 1210 2370 ’

138 2445 246 2500 umen
276 2459 399 2501 summa
429 2460 491 2524 ope
522 2439 564 2503 ad
595 2437 733 2505 maxima
763 2459 905 2521 quaeque
933 2435 1140 2503 contenderet

137 2506 479 2606 praestantissimisque
505 2521 677 2588 virtutibus
700 2522 746 2587 ad
770 2521 975 2589 obtinendam
1005 2521 1138 2607 perfecti

135 2606 287 2671 amatoris
300 2607 428 2672 laudeni
440 2607 626 2673 necessariis
636 2621 766 2673 ornatus
776 2616 868 2673 esset.
890 2606 1138 2692 Aristophanem

136 2700 327 2756 antemnae
347 2714 420 2757 cum
444 2692 547 2758 coita
566 2692 858 2779 iussithgathonis
878 2691 1025 2757 convivio
1043 2691 1140 2757 inter·

136 2797 217 2852 esse,
238 2787 274 2839 ut
294 2786 327 2840 et
346 2776 415 2862 ipse
436 2778 596 2843 videretur
615 2777 793 2843 admirabili
809 2777 950 2863 sapiente
964 2775 1092 2841 inferior
1106 2785 1137 2840 et

138 2858 252 2923 umam
277 2861 424 2948 egregias
449 2863 534 2927 illius
561 2863 671 2927 laudes
699 2863 764 2927 suis
785 2861 856 2947 ipse
876 2860 1007 2925 auribus
1027 2859 1137 2923 audire

136 2943 361 3087 acEperoipere
381 2956 556 3031 cogeretur.

211 3047 235 3088 n
267 3025 366 3091 habes
392 3038 531 3092 nostram
564 3030 604 3093 de
631 3026 795 3114 Symposii
825 3038 1011 3114 argumento
1043 3037 1137 3110 atque

136 3107 201 3173 fine
221 3110 419 3189 sententiam,
441 3133 503 3195 qua
517 3113 647 3196 quidem
660 3113 848 3198 explicanda
863 3113 889 3176 si
903 3113 937 3175 id
951 3112 1137 3194 consequuti

136 3192 249 3270 simus,
270 3205 307 3259 ut
326 3197 436 3261 saltem
456 3197 575 3280 aliquid
596 3197 822 3262 adiuvandam
841 3195 940 3261 divini
961 3196 1065 3282 operis
1085 3195 1135 3261 irr-

138 3277 346 3367 telligentiam
369 3282 544 3348 contulisse
563 3281 790 3359 existimemur,
816 3304 857 3347 ex
878 3281 982 3345 animo
1003 3279 1135 3347 laetebi-

136 3386 225 3440 mur;
248 3364 299 3429 sin
319 3364 418 3444 aliter,
442 3377 528 3441 certe
547 3390 606 3433 uos
628 3366 703 3432 boni
718 3366 838 3433 eonsilii
853 3365 1044 3433 conscientia
1058 3382 1134 3431 oon'-

137 3447 300 3528 solabitur,
328 3451 446 3537 quippe
467 3453 522 3536 qui
547 3453 639 3518 miae
659 3451 694 3517 id
715 3451 971 3538 spectaverimus‚
998 3461 1036 3516 ut
1055 3451 1135 3516 libro

137 3533 317 3600 etiamnunc
350 3537 477 3622 saepius
508 3538 591 3602 lecto
617 3559 712 3620 quam
742 3536 901 3603 intellecto
930 3560 987 3622 pro
1014 3535 1135 3601 viribus

136 3638 235 3684 novae
255 3620 336 3685 lucia
357 3620 476 3704 aliquid
497 3623 740 3688 effunderemus.

145 3742 148 3749 ,
178 3703 288 3788 Neque
309 3717 414 3769 tamen
428 3706 540 3772 inutile
555 3707 761 3793 eritpopinor,
776 3708 870 3773 ctiam
883 3707 1005 3793 potiora
1017 3704 1135 3771 iudicia

138 3785 268 3853 aliorum
295 3791 492 3889 cognovisse,
518 3793 574 3877 qui
596 3792 769 3858 recentiore
795 3803 896 3858 aetate
918 3792 958 3855 (le
978 3788 1133 3855 Platonici

137 3873 259 3936 consilii
285 3885 405 3940 rotrone
424 3887 457 3941 et
478 3877 702 3964 compositione
722 3877 975 3964 disputaverunt,
1005 3875 1031 3939 si
1056 3873 1135 3937 forte

137 3956 205 4033 fieri
225 3957 338 4043 possit,
357 3972 394 4024 ut
415 3961 488 4028 inde
508 3963 604 4027 etiam
624 3962 736 4029 melius
757 3963 835 4045 quid
856 3969 1027 4046 repetatur,
1048 3955 1134 4041 quod

135 4040 177 4104 ad
198 4041 304 4126 operis
324 4054 424 4111 artem
445 4070 482 4114 ac
503 4047 655 4114 rationem
673 4047 797 4114 rectius
818 4043 1018 4110 iudicandam
1039 4039 1134 4107 aesti-
