2604 4620
198 253 264 317 110
588 250 839 314 utnunuls

163 475 165 478 -
197 428 352 499 τοιαῦτα.
407 423 556 507 Οὐκοῦν,
591 412 613 506 ἦ
652 422 684 492 δ’
723 420 794 511 ὅς,,
815 425 900 506 δῆλα
935 419 976 506 δὴ
1007 429 1065 494 καὶ
1099 420 1220 514 τᾶλλα,

199 524 234 598 οἶ
258 525 303 595 ἂν
329 524 449 609 ἑκάστη
478 527 521 595 ἰὀι
547 521 634 595 κατὰ
651 523 714 604 τὰς
737 524 849 592 αὐτῶν
868 521 1071 612 ὁμοιότητας
1085 533 1147 612 τῆς
1161 560 1220 621 με.

201 633 316 715 λέτηςςΙ
365 631 476 709 Δῆλον
511 626 570 709 δή,
604 630 687 718 ἔφη·
723 629 793 704 πῶς
824 624 855 693 δ’
889 623 951 712 οὕς
1007 626 1140 700 Οὐκοῦν
1165 633 1219 702 εὐ.

203 732 474 816 ὃαιμονέοτατοι,
504 732 588 820 ἔφη,
622 731 678 794 καὶ
708 724 836 794 ’τούτων
872 731 933 794 εἰσὶ
958 731 1014 795 καὶ
1041 737 1086 810 τὶς
1108 735 1218 819 stallu-
1251 808 1253 811 ,

204 852 284 899 cccv
310 826 418 898 τόπον
443 827 550 907 ἰόντος
573 833 607 906 pl
632 825 694 909 τὴν
722 825 905 913 δημοτικήν
939 853 975 896 τε
1009 833 1064 896 καὶ
1090 837 1217 902 πολιτι-

149 927 176 1007 Β
204 928 266 1014 τὴν
291 920 415 1019 ἀρετὴν
440 928 738 1018 ἐπιτετηδευκότος,
774 924 817 1008 ἣν
851 926 891 1008 δὴ
917 933 1215 1026 καλοῦσιοωφρο·

204 1032 309 1112 ούνην
335 1056 369 1098 τε
395 1033 451 1097 καὶ
476 1028 706 1110 δικαιοσύνην,
741 1029 776 1109 ἐξ
807 1031 913 1106 ἔθους
944 1053 979 1096 re
1005 1036 1061 1100 καὶ
1084 1039 1217 1122 μελέτης

199 1143 375 1218 γεγονυῖαν
400 1126 481 1199 ἄνευ
507 1133 709 1222 φιλοσοφίας
734 1154 768 1196 τε
794 1131 850 1195 καὶ
876 1131 957 1212 νοῦς
1006 1136 1064 1226 Πῇ
1091 1131 1131 1217 δὴ
1160 1129 1218 1204 οὗ.

200 1257 253 1302 τοι
281 1230 571 1320 εὐδαιμονέστατοι
582 1256 595 1316 ,·
615 1227 685 1298 Ὅτι
711 1229 851 1307 τούτους
877 1226 962 1308 οἰκός
981 1236 1070 1300 ἐστιν
1088 1243 1134 1314 εἰς
1148 1262 1218 1305 τοι-

141 1543 143 1547 ,
274 1489 308 1546 οἷ
323 1494 358 1544 ἂν
373 1492 497 1559 ἑκάστη
516 1494 577 1564 ἴοι]
602 1494 647 1545 Sic
665 1493 741 1544 Bodl.
766 1511 789 1544 a.
809 1510 842 1544 nr.
863 1509 914 1546 sec.
934 1501 960 1545 et
979 1497 1090 1560 August.
1125 1494 1214 1562 Lege-

202 1568 278 1620 batur
301 1571 361 1614 ante
383 1563 565 1626 Fischerumyi
592 1562 623 1612 clv
645 1565 680 1613 la.
718 1563 772 1614 Pro
795 1561 885 1628 ἑκάστη
912 1564 989 1615 Bodl.
1008 1564 1076 1616 Tuh.
1097 1563 1158 1615 Ven.
1177 1566 1211 1615 Π.

203 1651 226 1688 ο.
251 1633 278 1683 d.
302 1632 377 1684 Vlnd.
402 1635 435 1681 Φ.
459 1630 520 1683 Par.
546 1632 579 1681 G.
599 1632 667 1685 Flor.
687 1632 711 1683 d.
731 1649 753 1683 a.
775 1649 807 1684 nr.
828 1649 881 1686 sec.
901 1639 927 1684 et
948 1633 963 1682 i.
983 1649 1006 1687 a.
1026 1648 1063 1698 pr.
1081 1648 1115 1685 m.
1134 1633 1214 1685 Coisl.

202 1719 255 1756 rec.
277 1707 304 1754 et
321 1716 388 1752 corr.
405 1699 466 1751 Par.
485 1699 517 1753 E.
536 1698 647 1764 ἕκαστα,
672 1701 741 1764 orrod
763 1717 851 1752 errore
873 1707 960 1751 uatum
984 1702 1087 1753 videtur
1106 1708 1214 1768 propter

202 1771 336 1823 finitimum
356 1769 420 1833 ὀῆλσ
440 1766 469 1830 rh}
490 1768 532 1816 nat
549 1761 640 1821 τᾶλλα.
676 1770 865 1836 Reciplendnm
890 1770 962 1820 duxit
980 1771 1130 1835 Bernhardy
1146 1771 1214 1838 Syn-

203 1849 256 1892 terr.
277 1857 301 1907 p.
321 1838 379 1894 430.
415 1837 470 1889 Sed
487 1844 607 1889 neutrum
625 1855 723 1904 genus,
746 1839 805 1903 quin
830 1841 984 1890 sententiam
1009 1841 1123 1891 elliceret
1140 1841 1214 1889 nimis

202 1911 254 1962 lale
278 1914 428 1975 patentem,
460 1907 534 1957 nohis
563 1910 646 1958 nrinns
670 1916 759 1972 aptum
783 1907 891 1960 videtur.
934 1908 990 1959 Nec
1014 1911 1142 1973 pertinent
1165 1908 1215 1958 huc

201 1994 268 2043 quae
295 1978 327 2028 de
353 1976 504 2041 pronomine
529 1975 733 2025 demonstrativo
757 1977 877 2040 exposuit
902 1976 1026 2028 Matthiae
1047 1979 1094 2030 Gr.
1112 1975 1133 2041 h.
1152 1974 1213 2028 439.

203 2047 261 2098 vit.
281 2046 358 2096 habet
376 2043 490 2094 ἕκαστον.
526 2042 612 2092 Ceteri
631 2049 735 2093 tuentur
751 2043 852 2107 ἑκάστη.

272 2145 304 2197 Β.
334 2142 402 2194 Ὅτι
425 2140 572 2201 τούτους
596 2141 705 2203 alno'cl
733 2140 809 2195 Bodl.
832 2143 896 2195 Veu.
918 2145 954 2196 ll.
973 2143 1018 2195 δ’τι
1034 2131 1067 2196 ov⁵
1086 2167 1110 2198 τ.
1127 2145 1173 2198 sed
1192 2146 1216 2195 in

237 2342 274 2412 ciri
283 2347 319 2397 λα
337 2343 372 2409 δι)
392 2347 446 2398 καὶ
463 2341 587 2408 τᾶλλα]
606 2345 682 2397 Haec
731 2358 783 2394 non
802 2338 903 2407 σοφοὺς
919 2355 970 2391 uno
985 2343 1085 2394 nornine
1098 2344 1214 2410 φαύλους

202 2417 283 2468 verba
300 2416 461 2481 explicantur
478 2418 519 2481 iis,
536 2432 603 2482 quae
621 2430 680 2480 pro·
732 2410 927 2478 appellantibus.
970 2409 1023 2459 Sed
1053 2413 1134 2461 stab
1158 2414 1213 2462 aliis

200 2486 269 2537 xime
294 2484 440 2551 adduntur,
465 2481 495 2536 οἷ
509 2484 540 2534 ἂν
557 2513 591 2523 -
609 2485 681 2548 pelt-
731 2482 767 2532 ita
785 2478 939 2541 factitatum,
958 2493 982 2530 v.
1002 2492 1024 2529 c.
1044 2478 1211 2531 Plutarch.

200 2572 260 2617 τηςτ
284 2569 346 2617 quo
369 2553 680 2617 quaeque'rnigret,
731 2550 793 2613 Sap.
814 2546 919 2597 Convir.
941 2563 965 2613 p.
980 2545 1035 2598 157.
1048 2548 1077 2595 Α.
1096 2552 1151 2602 τοῖς
1168 2550 1213 2613 μὲν

199 2620 232 2671 in
250 2635 388 2684 quarum
407 2622 592 2671 bestiarum
612 2634 682 2669 cor·
732 2620 823 2682 σοφοῖς
845 2617 941 2680 μέτρον
964 2612 1086 2679 &linco
1105 2615 1212 2665 δέδωκε·

200 2701 286 2751 pora
315 2703 465 2752 quaeque
493 2689 595 2738 abeat
624 2702 680 2752 pro
731 2685 798 2751 πρὸς
817 2683 843 2733 ‹ll
862 2680 1213 2751 rohc'pmilccclpoilo'yor

160 2754 429 2806 «similitudine
474 2770 601 2807 morum
649 2761 680 2805 et
730 2759 777 2817 τῆς
794 2753 857 2818 ἐμῆς
876 2750 1067 2817 θογατρός-.
1100 2753 1148 2802 Est
1166 2769 1212 2803 au-

200 2821 400 2888 studiorum,
425 2824 492 2890 ipsi
516 2823 679 2875 cumillis
730 2828 783 2874 tern
825 2820 935 2872 civilis
978 2821 1088 2872 virtus
1125 2822 1211 2872 infimo

199 2893 424 2947 communium.
730 2890 825 2956 gradu,
847 2904 934 2953 uuum
964 2897 1074 2953 quatuor
1107 2892 1211 2942 omnino

235 2959 368 3011 Οὐκοῦν
401 2959 525 3028 cuturn.
562 2989 597 3000 —
626 2958 680 3010 sal
731 2959 918 3009 sintvlrtutum
938 2959 1042 3023 gradus,
1061 2965 1090 3008 ut
1107 2960 1211 3023 quidem

198 3029 348 3090 radron}
384 3034 437 3083 vel
470 3031 601 3095 horunc,
636 3029 680 3094 qul
730 3028 889 3094 posteriores
919 3028 1047 3085 Platonici
1084 3044 1130 3079 eos
1166 3028 1209 3079 de-

198 3115 250 3152 uon
280 3100 435 3152 studuerunt
464 3101 575 3151 animum
604 3113 679 3150 suurn
729 3097 904 3162 scripserunt,
937 3097 1050 3162 principe
1077 3097 1213 3147 Plotino

197 3186 213 3219 a
238 3170 315 3219 rebus
337 3171 446 3220 terrenis
464 3167 620 3221 abstrahere.
644 3168 682 3217 De
731 3165 847 3216 Ennead.
873 3167 891 3217 l.
915 3165 975 3216 Lib.
994 3165 1043 3227 ll,
1062 3165 1130 3216 unde
1152 3182 1214 3231 pro-

197 3239 359 3300 populari
382 3243 414 3287 et
438 3239 531 3287 civili
551 3238 682 3286 virtute
731 3234 793 3285 lecti
811 3240 951 3297 sequentes
970 3235 1064 3297 passini
1083 3248 1213 3284 mernorc-

198 3302 305 3365 gradunr
338 3303 471 3353 obtinente
494 3304 552 3353 ride
574 3303 680 3353 inferio·
731 3305 805 3362 runt,
837 3316 861 3352 v.
891 3318 912 3351 c.
942 3301 1148 3367 Porphyrius
1179 3300 1212 3349 de

197 3382 327 3419 ramann.
352 3368 384 3418 ad
402 3386 427 3433 p.
446 3369 488 3421 68.
506 3371 535 3420 C.
570 3370 679 3420 Praete·
730 3368 858 3419 Gradihus
886 3384 911 3432 p.
940 3367 983 3421 34.
1025 3369 1100 3418 Haec
1128 3366 1212 3434 Wyt·

197 3449 243 3485 rea
261 3435 350 3483 audias
373 3435 678 3500 wyttenbachium.
729 3435 938 3486 tenbachiusa
966 3437 1010 3498 qui
1036 3436 1149 3498 neglexit
1172 3438 1212 3484 Ιο-

197 3502 293 3554 erum
309 3502 420 3565 accidit,
445 3504 541 3568 inquit,
566 3503 614 3554 hos
630 3519 678 3569 po·
730 3518 790 3554 curn
813 3505 893 3569 ipsius
912 3503 1027 3552 Platonis
1050 3502 1083 3553 de
1100 3503 1211 3567 Republ.
1256 3550 1258 3554 .

198 3570 295 3635 pulcris
320 3575 346 3621 et
374 3571 453 3622 civilis
476 3572 609 3622 studiosos
632 3571 680 3622 ad·
730 3574 764 3623 X.
786 3588 811 3637 p.
836 3571 894 3625 619.
922 3570 951 3622 C.
968 3571 1022 3632 ·D.‚
1051 3570 1093 3620 ubi
1118 3571 1211 3622 eadem

196 3638 267 3703 iungi
291 3638 349 3689 istis
376 3639 474 3689 villosis
497 3645 523 3690 et
546 3639 680 3704 flagitiosis
730 3641 858 3690 sententia
891 3653 974 3706 paens
1001 3637 1093 3688 iisdem
1125 3641 1211 3690 verbis

199 3713 226 3758 'at
244 3707 423 3757 incommune
441 3723 523 3771 genus
541 3713 591 3757 τῶν
611 3706 680 3772 φατ’·
730 3708 886 3769 illustratur,
909 3721 993 3769 neque
1016 3705 1092 3765 vidit,
1121 3715 1212 3772 poste-

198 3775 248 3827 λων
265 3790 290 3840 p.
309 3774 353 3828 81.
370 3775 402 3824 l).
423 3776 584 3826 nominatum
603 3776 679 3841 poni:
729 3775 825 3826 riorum
844 3775 1036 3826 Platonicorum
1055 3778 1210 3830 sententiam

198 3845 243 3910 qui
266 3858 372 3905 omnes,
402 3844 458 3894 siva
480 3845 600 3895 meliores
624 3845 680 3894 sive
729 3843 762 3895 ab
791 3844 870 3910 ipsius
895 3843 1010 3893 Platonis
1041 3844 1139 3895 ratione
1164 3847 1210 3897 ali-

199 3914 319 3979 peiorss‚
346 3912 536 3977 distinguuntur
565 3911 679 3977 aphilo·
729 3919 856 3976 quantum
874 3910 986 3961 differre.
1022 3911 1210 3978 Nanrilliqua·

198 3981 287 4048 sophis
319 3996 381 4033 mox
417 3979 474 4046 §phi
505 3996 560 4045 seq.
597 3980 678 4032 initio.
730 3984 790 4029 tuor
811 3979 866 4030 sere
891 3979 1016 4030 virtutum
1034 3996 1129 4046 genera
1146 3983 1211 4034 Plo·

197 4049 273 4103 Haec
289 4055 382 4116 postea
400 4047 561 4104 distinctioa
583 4047 680 4098 Stoicis
730 4047 784 4096 tino
814 4047 880 4099 duce
908 4053 1066 4116 statuerunt,
1099 4051 1209 4114 primum

198 4118 309 4172 maxims
339 4117 467 4175 celebrata
496 4124 551 4191 est,
589 4130 681 4171 omues
732 4113 833 4170 virtutis
877 4117 1057 4183 politicae,
1103 4121 1209 4171 alterurn
