2604 4620
428 204 497 279 AD
525 196 853 280 PHAEDONEM.
1110 206 1153 277 15

136 401 586 485 omnesdscet,utvirtntisac
597 402 773 489 sapientise
782 402 817 468 in
830 400 892 468 hac
906 403 973 468 vita
980 402 1158 502 participes

137 493 262 557 fiamus.
277 490 487 578 Propositum
501 497 553 552 est
563 487 647 552 enim
656 510 812 574 magnum
823 487 1007 552 certaminis
1018 488 1160 573 praemi·

138 600 195 641 um
208 597 391 664 magnaque
406 596 492 660 spes.
514 570 709 659 Quanquam
730 583 838 636 autem
859 583 1058 636 mortuorum
1079 593 1160 636 oon·

139 661 291 725 ditionem
306 682 378 725 eam
392 659 474 734 fore,
490 655 616 743 qualem
627 656 794 742 descripsi,
807 656 895 721 haud
908 667 995 721 certo
1015 656 1158 721 affirma·

139 746 254 822 verim,
277 756 388 809 tamen
405 741 469 805 hoc
489 740 630 805 maxima
643 741 881 805 asseveratione
896 740 1066 819 contendo,
1086 762 1156 805 earn

137 831 281 894 futuram
306 850 380 893 esse
402 825 449 889 illi
465 824 610 901 similem,
635 835 669 888 et
686 823 733 888 ita
747 845 905 912 quemque
927 823 996 889 fore
1008 823 1157 891 beatissi-

139 937 239 991 mum,
262 924 301 976 ut
323 933 357 975 se
376 909 518 974 maxime
539 932 558 972 a
577 909 728 974 vitiorum
747 906 820 974 labe
840 930 957 995 purum
972 919 1095 973 eastum
1116 932 1157 975 us

138 994 330 1062 servaverit.
344 994 391 1058 Et
405 1016 464 1060 vos
477 993 604 1081 quidem
620 1016 678 1059 suo
715 993 831 1081 uisque
845 1005 987 1078 tempore
999 993 1077 1059 illuc
1124 1017 1157 1061 s·

139 1078 283 1156 cedetis3
299 1079 375 1143 mibi
390 1101 465 1144 vero
478 1099 563 1143 nunc
576 1015 761 1143 abeundum
776 1087 836 1143 eat.
852 1075 1015 1159 Quocirca
1027 1101 1079 1143 me
1092 1078 1157 1144 ism

141 1164 185 1228 ad
197 1164 357 1335 laqacrum
373 1174 566 1242 convertam,
585 1186 626 1228 ne
646 1174 794 1229 mortuus
814 1162 887 1228 aliis
905 1163 1036 1250 negotia
1053 1163 1158 1231 faces-

142 1251 232 1314 ssm'
249 1295 258 1313 .

179 1345 372 1426 Tumcrito,
387 1347 482 1413 nobis
495 1371 584 1426 vero,
589 1348 705 1438 inquit,
714 1371 734 1414 0
743 1345 908 1425 Socrates,
921 1347 1000 1436 quid
1012 1347 1158 1427 mandas,

136 1443 169 1498 et
182 1432 341 1521 quomodo
355 1433 406 1498 vis
428 1447 465 1498 ut
484 1444 516 1499 te
538 1434 752 1519 sepeliamus?
773 1432 1086 1523 Quomodocunque,
1107 1455 1160 1499 re·

139 1516 658 1604 spondit,vobislibuerit‚simodo
670 1541 722 1583 me
733 1541 851 1604 capere
868 1516 1049 1603 potueritis.
1056 1514 1160 1583 Simul

137 1613 244 1667 autem
256 1601 386 1701 placido
400 1601 560 1690 hilarique
573 1604 667 1669 vultu
679 1626 740 1669 nos
755 1603 897 1681 intuens,
911 1602 1034 1681 videor,
1043 1601 1160 1687 inquit,

139 1685 266 1752 Oritom
279 1692 346 1751 n'on
359 1709 458 1770 posse
473 1687 668 1772 persuadere
680 1707 734 1753 me
744 1711 810 1754 non
822 1709 894 1753 esse
904 1687 1053 1764 eundem,
1065 1708 1160 1777 quern

139 1769 233 1833 brevi
246 1780 409 1833 mortuum
422 1769 587 1835 videbitis.
609 1771 697 1836 Nam
711 1773 838 1836 animus
850 1794 942 1835 meus
960 1770 1017 1835 ubi
1038 1772 1162 1837 disces·
1226 1832 1230 1843 .

142 1852 223 1918 se‘rit
242 1874 284 1916 ex
304 1851 367 1916 ho'e
389 1872 541 1935 corpore,
559 1876 626 1916 non
646 1854 785 1937 amplius
807 1851 974 1918 Socratem
992 1852 1165 1931 babebitis,

142 1937 199 2002 sed
218 1936 289 2002 eius
308 1957 431 2020 corpus
452 1945 642 2000 emortuum.
668 1935 777 2023 Igitur
793 1935 879 2001 bono
903 1934 1010 2000 animo
1037 1936 1097 2013 sis,
1122 1936 1167 2001 mi

143 2020 249 2098 Crito,
262 2042 370 2104 neque
385 2019 505 2097 doleas,
521 2042 620 2104 quum
635 2019 754 2087 videris
769 2042 887 2107 corpus
908 2042 1014 2085 meum
1030 2019 1165 2086 cremari

143 2106 196 2170 vel
215 2105 356 2168 humari:
381 2126 486 2188 neque
508 2105 593 2169 enim
613 2102 764 2171 Socrates
785 2105 857 2191 ipse
876 2104 1004 2190 peribit.
1033 2102 1164 2191 Corpus

144 2199 251 2253 autem
270 2211 377 2253 meum
400 2187 536 2274 sepelies
559 2188 620 2267 ita,
641 2201 678 2255 ut
700 2189 774 2255 tibi
794 2189 961 2276 placuerit.
986 2188 1052 2255 His
1067 2188 1164 2258 dictis

142 2273 231 2351 abiit,
246 2283 283 2338 ut
295 2272 425 2338 lavacro
438 2283 595 2338 uteretur.
609 2273 678 2341 Nos
692 2285 801 2341 autem
815 2275 937 2340 interea
951 2274 1047 2340 modo
1059 2275 1099 2340 de
1109 2272 1164 2354 iis,

142 2380 225 2444 quae
239 2357 461 2436 disseruisset,
482 2357 641 2425 internos
661 2360 742 2425 collo
765 2359 939 2438 uebamur,
959 2359 1055 2424 modo
1074 2360 1162 2425 osla-

140 2442 284 2506 mitatem
303 2453 448 2507 nostram
469 2442 731 2591 deplorabamus,
743 2381 838 2509 baud
861 2464 955 2509 secus
975 2466 1013 2508 ac
1030 2443 1057 2508 si
1072 2455 1165 2528 patre

141 2526 338 2593 orbaremur.
357 2525 498 2605 Peracto
525 2551 642 2594 avaero
656 2529 713 2593 filii
724 2552 798 2594 eum
808 2527 999 2593 mulieribus
1011 2527 1165 2593 domesti-

141 2612 187 2676 cis
207 2611 249 2675 ad
270 2632 343 2676 enm
363 2612 579 2678 adducuntur.
606 2610 736 2694 Quibus
756 2636 858 2714 quum
878 2611 993 2679 ultima
1013 2613 1166 2679 mandata

144 2696 297 2773 dedisset,
313 2696 356 2760 ad
369 2719 430 2762 nos
444 2697 590 2763 revertit.
605 2696 690 2762 Tum
703 2698 851 2764 mimator
869 2696 1165 2765 undecimvirorum

141 2778 332 2866 ingreditur,
359 2780 415 2868 qui
440 2781 482 2847 ad
507 2804 582 2847 eum
607 2782 782 2861 accedens,
807 2782 946 2860 invitus,
962 2780 1079 2869 inquit,
1092 2804 1166 2848 meo

141 2886 228 2928 nunc
241 2863 360 2950 fungor
373 2888 523 2930 munere:
539 2887 725 2955 quanquam
739 2878 770 2931 te
781 2888 856 2931 enm
867 2888 938 2931 esse
949 2867 1095 2952 cognovi,
1111 2866 1168 2955 qni

141 2947 221 3013 milri
240 2971 306 3014 non
326 2949 556 3015 maledicturus
572 2951 632 3026 sis3
656 2949 744 3038 quod
769 2971 866 3036 saepe
883 2948 990 3014 facere
1011 2950 1114 3014 solent
1133 2950 1169 3026 ii,

144 3030 265 3118 quibus
285 3043 422 3096 mortem
443 3034 611 3097 annuntio.
634 3032 721 3096 Nam
739 3054 781 3096 ex
821 3053 865 3094 uo
883 3031 919 3093 in
943 3053 1073 3094 carcere
1097 3054 1171 3096 ver-

148 3125 240 3177 satus
249 3135 296 3189 es,
306 3113 809 3197 sempertecognoviessevirum
846 3110 1172 3179 onumethumanum.

150 3195 264 3276 Quare
285 3195 356 3259 vale
371 3205 404 3259 et
427 3194 503 3259 forti
517 3194 624 3259 animo
634 3195 744 3281 perfer
752 3195 925 3260 instantem
937 3196 1170 3266 necessitatem.

143 3280 193 3345 Et
206 3290 242 3343 tu
254 3279 469 3380 quoquevale‚
480 3279 647 3364 respondit
659 3276 821 3358 Socrates,
831 3279 1022 3365 praedicans
1030 3280 1169 3351 bominis

143 3363 1093 3453 humamtatemetmiserioordiam.Deindeautempoculum
1105 3369 1168 3436 sibi

144 3448 252 3515 afferri
261 3447 367 3514 iussit.
373 3447 459 3514 Tum
467 3445 559 3514 Crito
568 3446 735 3515 :Nondum
745 3450 792 3516 sol
798 3448 925 3530 occidit,
939 3447 1117 3519 oSocrate:
1126 3477 1166 3522 an

144 3531 1167 3686 luceminmontiumverticibusadbuclulglentemlNonestquod

145 3628 315 3704 tantopere
335 3617 469 3685 festines
483 3629 516 3684 et
531 3629 620 3684 tuum
639 3643 659 3685 a
680 3618 774 3686 nobis
816 3620 972 3687 'suessum
996 3622 1166 3692 acceleres.

145 3701 194 3768 At
200 3725 278 3770 vero
286 3698 450 3781 Socrates,
471 3703 631 3792 equidem,
638 3703 754 3794 inquit,
763 3704 907 3799 longiore
918 3729 1010 3775 mora
1023 3706 1105 3775 nibil
1115 3708 1166 3779 lu·

147 3920 347 3933 -u--u-—u-n

199 4039 227 4104 *)
244 4042 274 4093 P.
294 4048 349 4096 lte.
367 4045 402 4096 D.
424 4083 453 4094 ..
476 4050 532 4098 115.
551 4048 584 4099 A.
