2604 4620
148 218 235 266 mv
519 212 786 262 Pnoaseomalts

146 368 287 434 stabilior
308 369 388 433 esti
412 367 478 432 sius
501 365 643 433 Socratis
664 365 830 443 sententia,
851 365 918 449 qui,
940 365 1002 430 etsi
1018 382 1161 433 amorem

146 454 223 517 item
237 475 333 517 sensu
342 390 537 540 indigentiae
552 452 707 517 contineri
729 449 850 527 statuit,
867 459 973 515 tamen
988 448 1084 515 illurn
1099 472 1161 517 non

119 538 188 603 'ad
218 538 354 601 alterum
386 547 520 602 naturae
574 537 699 636 ropriae
731 535 918 614 dimidium,
958 535 1017 599 sed
1049 534 1163 622 potins

146 621 273 689 omnino
290 623 331 685 ad
346 622 491 708 pulcrum
511 560 623 685 roldrn
644 619 823 685 arbitratur.
850 619 918 684 Iam
935 642 1013 684 vero
1027 619 1163 687 Aristo·

168 706 266 771 hanes
276 729 370 792 porro
386 717 625 795 argumentatur
636 728 774 770 amorem
789 727 859 770 esee
869 704 1052 771 homiuibus
1062 706 1164 793 longe

146 730 467 857 beneficentissimum
498 792 700 875 maximeque
735 791 918 867 salutarem,
951 789 1076 876 quippe
1106 791 1162 877 qui

145 877 301 941 humanae
328 888 459 941 naturae
488 877 580 960 quasi
608 876 751 942 medicus
774 874 815 939 sit
841 874 1032 959 efficiatque,
1062 886 1105 941 ut
1126 898 1164 941 ea

147 972 308 1045 tamquam
339 963 373 1025 in
429 962 573 1025 ristiuam
604 961 818 1046 integritatem
853 982 942 1024 suam
968 959 1163 1025 restituatur

147 1046 195 1134 (p.
213 1048 282 1111 191.
304 1044 349 1109 D.
372 985 441 1110 coll.
455 1069 488 1131 p.
505 1046 575 1110 189.
594 1042 633 1110 C.
647 1045 717 1131 D.).
744 1043 839 1125 Quod
861 1055 947 1109 certe
967 1043 1014 1107 ita
1036 1045 1164 1111 dictum

148 1141 205 1208 est,
232 1142 269 1196 ut
291 1142 395 1195 orator
415 1131 562 1218 neglecto
585 1129 687 1216 turpis
709 1140 740 1194 et
760 1130 884 1196 honesti
905 1129 1022 1193 amoris
1045 1129 1163 1197 discri-

147 1214 232 1281 mine
260 1215 405 1299 quemvis
431 1238 580 1292 amorem,
608 1215 818 1292 meretricum,
841 1215 1069 1293 adulterorum,
1092 1216 1162 1281 foe-

148 1301 260 1366 dorum
287 1301 382 1364 etiam
402 1300 663 1385 paederastarum
685 1299 891 1385 comprobare
912 1296 1071 1363 videatur.
1101 1298 1163 1365 Ni-

147 1385 262 1449 mirum
282 1384 334 1449 hio
354 1406 480 1468 quoque
501 1384 628 1450 vacillat
648 1384 781 1470 physica
802 1385 864 1448 ista
877 1382 1090 1471 philosophia
1103 1408 1162 1450 ne-

148 1490 211 1553 que
231 1479 318 1534 recto
342 1469 404 1533 talo
426 1479 498 1533 stat.
522 1466 588 1534 Sed
608 1469 811 1552 quantumvis
832 1468 911 1534 haec
931 1468 1053 1535 maiore
1074 1472 1161 1535 veri-

149 1554 223 1618 tatis
240 1555 345 1639 specie
364 1576 458 1638 quam
477 1577 552 1620 vere
577 1555 638 1618 siut
660 1555 814 1638 exposita,
838 1555 877 1618 de
890 1553 1031 1619 masculo
1054 1564 1163 1620 tamen

148 1660 256 1703 amore
282 1639 420 1703 comicus
442 1640 590 1704 continuo
613 1640 660 1723 (p.
685 1642 756 1704 191.
778 1638 816 1702 Ε.
848 1640 918 1702 192.
939 1636 1088 1725 A—G.)
1115 1640 1162 1705 ita

149 1723 285 1802 disserit,
312 1735 349 1789 ut
374 1747 473 1789 unum
498 1724 587 1790 illurn
607 1725 774 1789 honesturn
794 1723 918 1809 probet,
945 1744 1043 1807 quem
1065 1724 1160 1789 etiarn

150 1809 246 1874 ceteri
268 1820 406 1874 oratores
429 1808 652 1894 probaverunt,
682 1809 814 1891 eiusque
839 1807 1016 1873 beneficam
1043 1809 1106 1873 vim
1126 1819 1159 1873 et

148 1893 323 1959 efficaciam
348 1916 446 1979 quum
473 1894 514 1958 ad
542 1894 697 1978 reliquam
723 1892 886 1971 virtutem,
921 1903 989 1957 tum
1016 1890 1154 1979 inprimis

149 1979 190 2043 ad
211 1979 336 2044 civilem
352 1989 383 2044 et
397 1979 556 2064 politicam
579 1990 741 2066 agnoscat,
761 1978 839 2043 etin
853 1977 986 2043 colendo
1001 1998 1150 2045 eoamore

149 2086 214 2128 non
247 2064 418 2148 voluptatis
449 2064 588 2141 fructus,
623 2064 679 2127 sed
713 2065 765 2128 lon
791 2085 807 2126 e
835 2063 920 2128 aliud
945 2062 1026 2146 quid
1052 2060 1156 2211 um

151 2158 282 2226 statuat,
310 2148 397 2232 quod
425 2148 548 2212 animus
578 2148 687 2233 cupiat
714 2086 857 2231 quidem,
886 2170 947 2212 nec
974 2170 1051 2213 vero
1076 2168 1095 2212 c

150 2235 327 2321 exprimere
342 2233 451 2318 possit,
468 2231 525 2297 sed
540 2233 661 2299 divinet
675 2233 894 2298 tantummodo
908 2243 940 2296 et
953 2232 1054 2297 veluti
1066 2254 1158 2319 prae·

151 2318 263 2419 rogim.
302 2314 432 2403 Quippe
460 2319 612 2383 contineri
638 2317 728 2383 illum
754 2318 824 2382 vult
849 2317 999 2382 interiore
1025 2318 1161 2402 quadarn

150 2426 326 2468 animorum
348 2403 576 2481 coniunctione,
600 2426 681 2489 quae
702 2403 794 2468 unice
815 2402 859 2480 id,
883 2403 969 2486 quod
990 2402 1110 2468 bonum
1131 2413 1161 2467 et

150 2487 318 2552 honesturn
346 2489 395 2565 sit,
424 2491 623 2574 propositum
649 2489 773 2554 habeat.
818 2485 957 2552 Omnino
984 2498 1091 2553 autem
1118 2488 1162 2553 ita

40 2648 45 2653 Ι
151 2572 355 2635 statuendum
382 2583 506 2650 censet,
536 2583 572 2635 ut
598 2596 736 2637 amorem
762 2572 814 2637 dei
840 2572 995 2637 beneficio
1022 2573 1162 2638 mortali·

94 2666 101 2677 '
151 2655 212 2720 bus
233 2676 418 2720 eoncessum
444 2679 513 2720 esse
535 2655 718 2736 arbitretur,
748 2680 810 2741 quo
831 2657 876 2722 illi
897 2656 1041 2723 naturale
1062 2657 1163 2722 mutui

151 2740 267 2805 amoris
296 2739 488 2805 desiderium
515 2743 643 2827 explere
671 2742 793 2828 possint
823 2743 875 2828 (p.
899 2744 970 2806 193.
991 2741 1161 2829 Β...1).).

151 2880 193 2890 ..
214 2824 306 2891 Haeo
332 2824 432 2914 igitur
459 2828 598 2892 estsere
628 2850 751 2891 summa
777 2850 896 2904 eorum,
930 2850 1012 2913 quae
1041 2828 1163 2912 prolata

153 2912 287 2977 suntab
309 2911 535 2998 Aristophane.
570 2910 662 2992 Quae
689 2912 716 2977 ei
744 2912 978 2977 consideramus
1000 2912 1163 2991 attentius,

151 2996 289 3083 primurn
304 2998 433 3083 quidem
453 2998 612 3063 neminem
626 2998 822 3084 praeteribit,
851 2997 890 3060 de
908 3019 971 3081 quo
987 2996 1051 3062 iam
1067 3020 1165 3084 supra

152 3083 383 3162 admonuimus,
413 3085 519 3169 ipsum
546 3106 671 3169 quoque
694 3105 832 3148 amorem
853 3082 1100 3147 adolescentium
1120 3082 1165 3169 ita

152 3189 336 3246 memorare,
369 3178 406 3231 ut
431 3191 495 3233 non
524 3170 563 3233 de
588 3168 730 3235 lubidine
760 3167 916 3253 explenda
944 3168 1071 3254 cogitet,
1107 3166 1161 3232 s'ed

153 3249 248 3335 longe
269 3253 455 3338 generosius
482 3255 634 3336 quiddam
659 3254 693 3317 in
714 3277 752 3318 eo
772 3252 971 3318 informando
993 3253 1033 3319 ob
1056 3252 1160 3318 oculos

153 3333 280 3410 habeat,
309 3358 406 3418 quam
432 3337 536 3434 primo
565 3339 719 3424 adspectu
746 3337 927 3422 suspiceris.
963 3336 1046 3402 Nam
1066 3358 1165 3422 quum

155 3417 195 3480 de
223 3418 319 3483 variis
347 3442 462 3484 amoris
491 3423 660 3506 generibus
689 3422 744 3488 ubi
774 3423 930 3508 disputat,
965 3444 1066 3488 sermo
1094 3421 1165 3487 eius

155 3523 309 3587 perquam
332 3503 372 3566 sit
394 3504 572 3590 ambiguus,
595 3517 662 3570 tum
682 3529 746 3591 quo
759 3509 828 3573 looo
844 3508 885 3571 ad
899 3507 1068 3574 amicitiam
1080 3503 1165 3567 inter

155 3586 242 3652 viros
265 3598 297 3651 et
318 3587 535 3653 adolescentes
558 3602 751 3657 contractam
773 3605 828 3658 aut
842 3590 1084 3659 contrahendam
1105 3588 1163 3653 de-

156 3674 238 3738 latus
260 3681 323 3750 est,
354 3673 502 3737 continuo
524 3673 558 3737 id
584 3678 667 3764 agit,
702 3688 738 3741 ut
764 3678 794 3742 ei
822 3679 998 3743 honestatis
1025 3676 1057 3741 di
1103 3673 1165 3739 'ta-

156 3770 221 3837 tem
241 3780 385 3824 asserere
407 3769 438 3822 et
452 3757 613 3825 vindicare
627 3761 874 3847 haudquaquam
887 3764 1021 3829 dubitet.
1076 3782 1167 3826 erum

158 3845 241 3909 enim
263 3866 339 3909 vero
360 3842 446 3928 quod
468 3843 581 3908 ceteris
596 3846 782 3925 oratoribus,
805 3848 859 3931 qui
876 3848 1029 3913 hacteuus
1050 3847 1085 3912 in
1098 3870 1165 3911 me-

156 3928 244 3993 dium
258 3929 457 4016 prodierunt,
479 3928 603 4006 accidit,
619 3941 662 4009 ut,
677 3934 881 4015 quantumvis
896 3930 1166 4020 inpraedicandis

151 4014 272 4079 amoris
294 4015 441 4081 laudibus
459 4012 687 4083 studiosissime
699 4018 906 4097 elaborarent,
931 4029 1034 4084 tamen
1048 4018 1082 4084 in
1096 4016 1166 4105 opi·
