2604 4620
428 275 477 321 AD
500 271 715 331 smoswtt.
975 275 1076 322 XXXV

71 433 201 494 suorum
221 426 314 493 saluti
334 425 516 513 prospicere
542 446 676 508 eamque
697 424 781 491 omui
803 446 864 511 ope
885 447 945 490 sua
964 425 1077 493 iuvare

69 523 167 597 atque
187 521 375 578 sustentare.
395 509 513 594 Inque
524 510 695 576 manifesto
708 509 768 575 hoc
789 510 917 594 sequuti
933 523 1017 588 suut,
1040 523 1078 577 ut

69 597 166 662 etiam
191 596 233 663 ad
258 597 408 662 virtutem
433 594 643 669 iudicaverint
668 617 750 681 opus
776 610 847 660 esse
874 594 972 660 animi
994 618 1076 683 quo-

70 683 144 746 dam
169 681 284 748 affectu
312 681 412 745 amori
438 678 525 743 haud
551 679 700 758 absimili,
734 679 854 765 quippe
881 702 946 764 quo
972 680 1084 745 virtus

70 778 103 832 et
122 765 217 834 citius
238 767 407 832 eliceretur
419 773 451 828 et
471 764 591 830 certius
610 765 860 848 confirmaretur,
882 785 1076 848 quameun-

67 851 147 917 tenis
167 851 357 937 prudentiae
376 869 415 914 ao
430 848 604 935 sapientiae
617 848 898 936 praeceptionibus
912 849 1009 916 animi
1023 872 1076 915 ar·

67 936 180 1001 dorem
194 957 289 1022 saepe
303 956 367 1000 nou
381 932 603 1013 excitantibus,
619 935 677 1000 sed
691 932 956 1021 opprimentibus,
972 955 1076 1019 nequa
1098 947 1100 950 ’

66 1031 207 1086 mentem
232 1020 354 1105 impetu
379 1018 496 1084 furoris
519 1028 552 1084 et
580 1017 788 1084 enthusiasmi
812 1016 1077 1087 extimulantibus
1138 1076 1142 1090 .

67 1116 100 1170 et
125 1104 372 1193 impellentibus
420 1101 519 1185 Quod
544 1105 616 1187 quis
641 1113 691 1168 est
720 1102 797 1188 quin
823 1102 907 1169 ultro
935 1103 1077 1170 fateatur

67 1190 223 1256 eiusmodi
243 1211 323 1268 esse,
349 1198 386 1254 ut
406 1211 426 1252 a
446 1188 598 1273 prudenti
619 1187 745 1254 viantis
771 1187 942 1274 disciplina
967 1189 1074 1254 neuti-

65 1296 162 1359 quam
186 1273 356 1340 abhorrere
382 1271 630 1339 existimandum
656 1274 718 1340 eit?
755 1270 822 1337 Sed
850 1283 978 1359 praeter
997 1273 1075 1341 haec

65 1360 162 1424 etiam
182 1358 269 1424 aliud
289 1358 368 1444 quid
388 1357 650 1425 animadvertisse
676 1356 810 1435 iuvabit,
836 1358 924 1442 quod
944 1359 986 1423 ad
1006 1381 1076 1424 rem

62 1453 264 1529 praesentem
282 1443 446 1530 pertinere
465 1443 666 1509 arbitramur.
687 1442 857 1510 Estenim
871 1443 999 1509 divinus
1013 1444 1074 1508 hu-

62 1538 240 1613 manusque
261 1550 360 1607 amor,
382 1528 423 1592 de
442 1548 506 1611 quo
520 1527 689 1612 loquimur,
710 1527 845 1593 Platone
857 1528 963 1594 iudice
978 1529 1074 1594 etiam

64 1623 175 1677 mutua
195 1622 326 1677 naturae
349 1634 425 1676 suae
447 1613 667 1677 eontrarIetate
687 1613 734 1676 ita
756 1621 921 1697 cognatus,
943 1624 980 1677 ut
994 1613 1074 1678 alter

63 1719 167 1780 usque
192 1696 234 1761 ad
261 1697 394 1761 alterum
419 1705 543 1785 spectet
569 1704 663 1780 atque
689 1697 855 1761 referatur.
891 1695 973 1761 Nam
994 1699 1074 1762 alter

64 1791 226 1866 tamquam
245 1780 280 1845 in
302 1781 390 1846 coelo
410 1780 601 1846 constitutus
615 1791 666 1846 est
680 1792 888 1880 versaturque
898 1781 935 1845 ·in
950 1804 1074 1847 summo

64 1865 238 1952 sapientiae
259 1865 389 1952 fastigio
409 1864 461 1931 vel
479 1866 664 1964 expetendo
689 1865 740 1931 vel
760 1865 962 1944 adm1rand03
993 1867 1074 1933 alter

61 1951 95 2015 in
116 1951 222 2017 media
242 1951 309 2016 vita
330 1970 489 2016 commum
515 1949 605 2038 viget
632 1963 726 2050 atque
750 1972 789 2016 eo
816 1949 911 2030 valet,
938 1961 988 2016 ut·
1003 1951 1073 2019 eius
1159 1950 1186 1974 ’“

61 2034 278 2102 imbecillitati·
290 2044 503 2114 succurrebat,
526 2055 590 2120 quo
610 2046 714 2122 possrt
734 2057 804 2100 sese
826 2036 947 2124 erigere
966 2035 1072 2102 altius.

61 2120 153 2187 Alter
181 2142 276 2207 porro
302 2120 346 2185 ad
371 2120 555 2206 exploratae
579 2120 723 2186 veritatis
746 2120 903 2186 rationem
922 2121 1070 2201 refertur,

61 2227 145 2290 quae
166 2226 292 2292 semper
312 2204 374 2273 sibi
395 2215 518 2272 constat
538 2229 559 2271 a
594 2228 636 2272 ue
656 2216 787 2272 aeterna
805 2217 865 2284 est,
887 2228 984 2291 quam
996 2207 1072 2292 qui-

62 2291 135 2355 dem
156 2288 249 2356 Plato
276 2290 392 2356 eximie
417 2291 560 2378 appellat
601 2294 761 2377 πιστήμηνς
790 2292 871 2357 alter
896 2314 973 2358 vero
998 2292 1070 2378 opi-

59 2374 175 2454 nionis,
196 2382 248 2460 τῆς
262 2375 357 2461 δόξης,
378 2375 555 2442 rationibus
569 2376 691 2454 nititur,
713 2377 971 2460 quandoquidem
989 2386 1073 2447 tam-

59 2481 157 2544 quam
178 2460 377 2528 enn-insecus
404 2460 560 2550 originem
585 2460 682 2526 habet
708 2483 798 2525 suam
825 2483 928 2545 neque
954 2461 1070 2526 mentis

59 2544 93 2610 iu
115 2568 150 2610 se
170 2546 321 2612 collectae
342 2546 449 2612 studio
470 2569 509 2611 ao
530 2545 689 2611 desiderio
702 2545 847 2610 debetur.
869 2545 963 2610 Alter
977 2545 1068 2610 deni·

59 2650 122 2714 que
144 2630 240 2697 etiam
261 2631 422 2697 efficaciae
444 2653 521 2696 suae
540 2631 668 2695 nomine
690 2652 768 2695 cum‘
789 2632 887 2697 altero
909 2641 1069 2717 tamquam

59 2715 223 2802 reciproca
244 2717 425 2782 continetur
445 2714 690 2793 necessitudine,
712 2715 970 2800 quandoquidem
985 2716 1068 2780 divi·

58 2822 121 2865 nus
146 2801 200 2867 ille
226 2820 313 2867 amor
339 2802 437 2866 vitam
462 2801 629 2866 mortalem
656 2800 765 2865 divina
792 2800 863 2865 luce
891 2823 949 2865 sua
976 2802 1068 2884 quasi

59 2894 154 2950 ornat
174 2895 206 2948 et
227 2885 400 2962 collustrat,
430 2883 600 2984 efficitque,
629 2894 665 2948 ut
690 2906 728 2948 ea
749 2907 789 2948 ex
810 2884 988 2950 humilitate
1010 2908 1069 2950 sua

59 2967 226 3053 paullatim
246 2968 352 3032 extolli
373 2978 406 3032 et
425 2968 468 3032 ad
488 2968 614 3032 dimuse
637 2969 810 3052 sapientiae
836 2969 964 3033 laudem
990 2991 1066 3054 pro-

58 3051 133 3138 pius
152 3051 268 3116 adduci
288 3051 407 3136 possit3
429 3050 588 3116 humanus
606 3061 713 3115 autern
727 3073 817 3116 amor
830 3051 963 3135 praebet
974 3052 1067 3136 quasi

60 3137 163 3201 solum
184 3156 221 3200 ac
241 3135 496 3213 fundamentum,
519 3134 571 3199 cui
584 3135 768 3200 insistentes
782 3137 930 3201 mortales
949 3149 1068 3221 queant

58 3221 101 3286 ad
113 3221 198 3286 illius
212 3219 329 3297 amoris
342 3219 569 3306 praestantiam
588 3219 713 3285 felicius
727 3219 866 3293 eluctari.
890 3217 958 3286 Sed
971 3221 1066 3287 nolu-

57 3329 129 3372 mus
143 3305 237 3393 plura
250 3327 433 3383 memorare,
468 3327 529 3370 uae
544 3306 586 3370 ad
596 3326 742 3370 caussam
751 3303 952 3390 praesentem
959 3306 1066 3372 facere

56 3392 234 3457 videantur.
270 3389 399 3456 Etenim
420 3326 471 3455 vel
491 3413 532 3457 cx
552 3391 603 3470 iis,
632 3411 713 3474 quae
739 3390 957 3476 exposuimus,
987 3392 1065 3461 satis

57 3478 140 3543 clare
161 3476 380 3564 appariturum
402 3497 472 3541 esse
493 3475 696 3554 arbitramur,
721 3475 803 3541 inter
823 3475 964 3541 divinum
986 3475 1064 3543 Pla-

57 3562 142 3627 tonis
161 3583 299 3627 amorem
320 3561 416 3646 atqde
437 3574 578 3627 amorem
593 3560 843 3626 adolescentium
856 3563 943 3647 apud
958 3558 1063 3627 Grae·
1132 3590 1134 3595 ’

58 3666 112 3710 cos
131 3647 285 3712 usitatum
304 3647 416 3731 utiquc
436 3645 602 3712 arctiorem
621 3645 782 3730 quandam
794 3646 989 3714 intercedere
1003 3669 1062 3713 ne-

57 3730 289 3796 cessitudinem.
458 3776 461 3783 ,
576 3781 578 3785 ν

18 3859 26 3869 ·
100 3814 210 3898 Atque
226 3816 301 3882 hine
321 3816 385 3882 iam
397 3815 484 3882 nullo
497 3815 625 3904 negotio
638 3816 834 3883 intellectum
847 3817 887 3880 iri
900 3825 1060 3901 putamus,

57 3898 243 3985 primarium
257 3899 427 3988 Symposii·
438 3911 661 4004 argumentum
680 3895 822 3988 profecto
844 3899 990 3987 exegisse
1011 3907 1060 3963 at-

56 4005 120 4070 que
140 3984 362 4069 postulavisse,
388 3997 424 4053 ut
444 3999 539 4052 ettam
559 4009 647 4059 amor
667 3987 753 4053 vitae
773 3984 977 4071 quotidianae
997 4005 1061 4048 uon

57 4069 153 4136 modo
173 4068 286 4135 leviter
298 4070 548 4150 adumbraretur,
572 4072 630 4137 sed
644 4072 804 4156 copiosius
818 4067 1060 4137 describeretur.

842 4161 858 4235 't
