2604 4620
93 182 210 265 'axx
404 242 408 253 .
509 211 778 260 rnonnaounru
886 248 888 255 .

93 396 97 403 ·
136 370 180 435 A.
202 389 240 451 sq
263 415 271 433 .
294 378 327 432 et
346 389 379 452 p.
395 366 467 431 1⁵0.
482 364 522 429 Β.
538 361 576 431 C.
598 364 709 450 ibique
728 374 834 431 annot.
855 362 1026 431 Nimirum
1046 366 1158 433 festiva

136 454 190 519 ille
211 474 251 517 ur
273 473 397 535 anaque
418 472 498 517 usus
523 450 625 515 ironia
645 449 697 516 his
717 449 813 515 dietis
835 449 1047 539 significavit,
1078 452 1159 537 quod

137 559 290 622 quorsum
310 536 495 621 pertineret,
518 557 583 600 non
604 557 714 601 omnes
734 535 900 619 assequuti
926 546 1019 615 sunt,
1044 550 1159 604 seseet

137 624 245 707 ipsum
266 643 373 687 amore
397 620 573 707 sapientiae
595 642 665 685 esse
686 619 844 706 repletum
858 630 892 684 et
906 620 1054 688 eandem
1067 644 1159 709 quam

137 704 274 771 maxime
301 728 419 793 cupere
444 705 479 787 in
506 704 758 771 adolescentium
783 704 899 769 animis
968 709 1159 774 nerarevel

137 780 235 856 etiam
256 792 445 874 quaerendo,
463 790 694 941 plercontando,
721 788 919 855 sermocinari
943 812 964 856 ο
993 794 1159 894 tamquam

137 886 265 963 partum
287 877 425 960 aliquem
438 877 471 941 in
495 899 513 941 e
535 875 658 941 elicere.
681 874 789 957 Quem
800 873 934 1024 quidem
947 874 1016 942 viri
1031 900 1073 942 sa
1096 900 1158 957 ren·

137 961 253 1027 tissimi
274 984 414 1027 amorem
433 962 594 1027 luculente
608 961 714 1026 deseri
738 960 781 1024 sit
833 960 915 1024 lato
936 959 973 1025 in
987 960 1073 1029 Alci
1096 962 1107 979 “

136 984 800 1197 elaboratae-taalulim
818 1045 1159 1200 seersum

138 1215 227 1282 ducti
248 1225 334 1292 sunt,
357 1202 453 1299 quod
463 1213 608 1280 Platonis
630 1178 783 1281 Socratici
806 1214 925 1315 scripta
944 1236 1016 1280 non
1032 1216 1079 1283 ab
1093 1216 1160 1284 aliis

139 1301 372 1376 discreverunt,
401 1321 484 1382 quae
513 1299 677 1365 maturiori
697 1298 878 1388 philosophi
895 1300 1003 1367 ‚aetati
1027 1312 1162 1389 accepta

138 1387 329 1451 referrmtur.
364 1383 417 1448 Ita
443 1384 542 1470 igitur
564 1381 721 1451 Socrates
756 1383 865 1469 Atque
891 1384 969 1451 hinc
991 1386 1161 1471 profectus

138 1470 234 1536 Plato
259 1492 329 1536 rem
349 1468 512 1553 aliquanto
538 1469 686 1555 provexit
705 1469 811 1536 altius.
846 1468 973 1535 Retulit
995 1470 1090 1539 enim
1107 1470 1162 1538 ille

139 1552 338 1621 Socraticam
364 1554 481 1620 amoris
507 1552 737 1640 professionem
756 1576 822 1620 non
848 1564 974 1620 tantum
996 1556 1042 1621 ad
1065 1556 1160 1623 animi

138 1639 289 1705 virtutem
309 1648 365 1704 aut
377 1640 494 1705 mentis
508 1640 664 1719 notiones,
685 1661 766 1724 quas
787 1637 952 1726 spectabat
964 1639 1079 1725 ipsius
1092 1638 1157 1707 ma'·

163 1725 250 1802 'ster‚
277 1724 334 1791 sed
361 1724 504 1789 traduxit
528 1724 616 1790 illam
647 1725 796 1790 continno
821 1724 863 1789 ad
884 1723 1032 1791 studium
1053 1748 1158 1793 rennn

139 1749 329 1889 divinarum,
357 1810 443 1893 quod
463 1809 497 1873 in
519 1809 749 1897 cognoscendis
770 1819 867 1893 atque
887 1809 1058 1877 intuendis
1079 1811 1158 1878 ideis

139 1896 364 1962 contineretur.
391 1893 524 1981 Quippe
544 1894 626 1981 huic,
641 1894 698 1977 qui
719 1894 845 1960 deditus
866 1891 912 1958 ita
932 1905 1035 1975 esset,
1059 1907 1099 1962 ut
1111 1906 1155 1963 to-

140 1993 193 2045 tus
214 1990 397 2045 versaretur
417 1980 451 2044 in
476 1978 619 2045 veritatis
647 1989 794 2045 aeternae
816 1980 1091 2066 contemplatione
1109 1992 1154 2047 at·

140 2087 204 2147 que
232 2064 313 2129 alios
342 2085 470 2210 quoque
497 2063 539 2127 ad
565 2085 637 2128 eam
658 2063 840 2213 ffirduoere
865 2075 1058 2145 conaretur,
1088 2088 1155 2133 eum

140 2149 269 2215 demum
289 2169 348 2233 per
364 2157 469 2229 ectum
491 2148 615 2213 censuit
635 2170 658 2233 p
682 2147 870 2234 ‘osophum,
898 2159 930 2213 at
977 2172 997 2217 e
1020 2151 1155 2217 eundem

139 2234 236 2299 etiam
264 2233 441 2318 perfectum
461 2241 633 2297 amatorem
653 2255 725 2299 esse
745 2233 911 2313 iudicavit,
956 2257 982 2301 e·
996 2257 1065 2321 qna
1084 2257 1154 2303 sen·

140 2318 241 2384 tentia
265 2341 296 2382 v.
325 2316 379 2383 De
405 2316 544 2405 Republ.
562 2316 623 2382 III.
647 2341 679 2404 p.
698 2319 772 2384 402.
791 2318 832 2384 A.
858 2340 927 2402 sq.
955 2342 990 2421 p.
1016 2320 1091 2387 403.
1110 2317 1153 2384 A

138 2405 178 2469 B.
196 2401 235 2469 C.
251 2401 311 2468 VI.
326 2426 359 2502 p.
374 2404 448 2468 490.
463 2401 506 2467 Α.
520 2402 560 2466 Β.
576 2401 614 2467 G.
636 2413 670 2468 et
681 2402 885 2469 Phaedonem
897 2340 985 2470 locri
1023 2403 1149 2471 luriniis.

139 2489 185 2553 Et
215 2486 414 2554 Socraticam
440 2486 570 2572 quidem
597 2488 752 2553 rationem
778 2488 939 2573 expressit
1006 2486 1149 2575 enophon

139 2574 175 2637 in
197 2571 387 2658 Symposi03
414 2572 625 2649 Platonicam,
646 2581 683 2636 ut
703 2571 852 2651 diximus,
874 2572 909 2637 in
929 2596 998 2639 uno
1017 2572 1150 2639 maxime

139 2657 287 2723 Phaedro
322 2680 360 2722 ac
386 2654 560 2744 Symposio
588 2656 766 2741 expositam
790 2656 961 2738 habemus,
996 2670 1035 2725 ut
1062 2657 1152 2725 facile

139 2742 214 2807 hinc
242 2763 433 2828 cognoscere
459 2752 490 2806 et
515 2740 694 2827 intelligere
722 2742 827 2822 liceat,
861 2754 1020 2827 quantum
1040 2742 1151 2809 discn-

139 2827 235 2892 minis
262 2827 348 2893 inter
379 2827 484 2892 utrius
507 2849 548 2892 ue
577 2827 741 2911 scriptoris
770 2825 928 2894 Convivia
947 2828 1153 2895 'intercedere

44 2916 47 2923 '
140 2912 388 2978 existimandum
409 2913 460 2978 sit.
522 2922 597 2997 tque
617 2911 712 2978 huius
733 2912 835 2999 ipsius
856 2913 904 2980 rei
925 2935 1152 2980 commemora·

141 3000 185 3065 tio
207 3008 369 3085 tamquam
391 3007 504 3087 sponte
524 3020 585 3064 nos
599 2997 734 3082 denique
749 2998 791 3083 ad
804 2998 884 3064 illud
904 2998 1047 3078 deducit,
1069 2997 1153 3084 quod

138 3086 173 3149 in
194 3085 281 3151 hisee
300 3084 541 3173 Prolegomenis
556 3083 673 3150 nostris
688 3082 799 3148 ultimo
818 3083 889 3149 loco
903 3083 1064 3172 attingere
1077 3104 1150 3149 con-

140 3170 312 3235 stituimus.

182 3252 366 3318 Dicendum
394 3254 479 3318 enim
507 3254 613 3318 adhuc
664 3255 753 3319 aucis
775 3263 824 3319 est
845 3254 886 3318 de
907 3253 1042 3333 ratione,
1068 3270 1149 3335 quae

140 3336 224 3399 inter
244 3337 445 3431 Platonicum
473 3348 506 3404 et
526 3277 801 3424 Xenoplmnteum
823 3337 1034 3425 Symposium
1053 3336 1151 3401 inter·

141 3418 243 3484 cedat.
286 3420 391 3486 Vetus
422 3431 472 3486 est
501 3433 607 3487 autem
638 3435 671 3488 et
696 3424 770 3490 inde
798 3425 839 3490 ab
867 3422 1027 3489 Athenaei
1053 3430 1152 3503 atque

142 3501 240 3569 Gellii
267 3515 370 3570 aetate
397 3506 439 3568 ad
464 3517 604 3570 nostram
630 3530 732 3593 usque
761 3508 947 3576 memoriam
972 3513 1152 3594 propagata

140 3587 260 3675 opinis,
289 3599 376 3654 certa
395 3589 429 3653 in
450 3590 500 3654 his
521 3591 673 3690 operibus
695 3605 805 3659 extare
831 3604 963 3661 mutuae
982 3588 1153 3657 simultatis

141 3676 347 3751 documenta,
378 3695 461 3758 quae
488 3685 656 3761 utriusque
684 3678 848 3764 scriptoris
877 3679 1001 3745 animos
1027 3675 1153 3741 disiun-

141 3762 272 3849 xerit*).
305 3758 400 3843 Quae
421 3759 529 3845 opinio
551 3761 629 3845 quid
650 3762 766 3829 habeat
793 3762 1080 3830 verisimilitudinis
1101 3761 1154 3826 vel

105 4008 110 4025 .
174 3970 200 4032 ·)
226 3972 260 4090 ἔ.
275 3971 392 4091 §.tl'qqq'
414 3968 461 4088 ξ(
485 3985 508 4034 p.
532 3974 588 4020 400.
611 3971 643 4022 D.
670 3971 801 4035 Diogen.
825 3972 908 4024 Laert.
931 3970 978 4024 111.
1003 3977 1043 4025 34.
1073 3972 1153 4026 Gell.
