2604 4620
205 236 248 298 οι
467 252 471 259 .
571 206 867 295 'reinerus-
945 210 975 263 '³‘

210 403 288 477 orit*
317 395 360 474 οὗ
387 403 447 490 ἐγὼ
474 401 496 471 ἃ
530 410 653 502 ἐκεῖνον
679 406 765 502 lippe
791 399 921 501 pairac·
963 400 988 470 di
1013 407 1047 472 dd
1079 392 1233 492 pciicuta

210 512 266 577 καὶ
302 497 350 575 ὧν
375 506 464 587 ἔδοξέ
495 532 552 592 μοι
576 465 891 590 ’ἆξιοῖνημὸνέντον
925 502 1072 602 [εἶναι],
1100 500 1236 576 τούτων
1263 577 1267 589 ,

212 607 292 697 ὑμῖν
317 610 378 697 ἐρῶ
404 604 545 675 ἑκάστου
571 601 769 691 τὸνλόγον.
850 602 852 609 ⁴

291 705 376 801 Cap.
402 704 466 773 Vl.
519 709 664 794 Πρῶτον
696 711 757 793 μὲν
788 703 872 793 γάρ,
908 703 1013 796 ὥςπερ
1039 711 1139 795 λέγω,
1170 714 1236 802 ἔφη

218 811 390 895 Φαῖδρον,
416 806 605 895 ἀρξάμενον
624 810 761 876 ἐνθένδε
787 813 917 886 ποθέν,
953 806 1152 892 λέγεινὸτι
1179 820 1235 900 μὲ-

217 936 280 997 γοις
305 906 391 988 θεὸς
417 907 466 991 εἴη
492 905 635 996 ὁἝρως
659 911 715 975 καὶ
740 905 944 994 θαυμαστὸς
971 916 1006 978 ὲν
1030 908 1235 997 ἀνθρώποις

218 1037 253 1078 τε
280 1014 335 1078 καὶ
362 1015 478 1090 θεοῖς,
504 1012 654 1102 πολλαχῇ
679 1012 740 1095 μὲν
765 1013 820 1076 καὶ
845 1007 939 1104 lilip,
966 1009 1027 1098 οὐχ
1052 1007 1174 1093 ἥκιστα
1200 1018 1234 1083 dd

164 1100 190 1177 Β
219 1107 306 1180 κοντοὶ
331 1107 395 1194 τὴν
417 1119 551 1194 γένεσιν.
607 1108 654 1175 Τὸ
681 1106 747 1198 γὰρ
774 1117 908 1188 ἐντοῖς
935 1108 1166 1201 πρεσβύτατον
1193 1115 1235 1185 εἶ·

288 1337 604 1407 ἀξιομνημόνευτον
627 1338 760 1405 lelund]
785 1337 984 1406 ιῖξιομνημὸνειτ
1006 1341 1067 1394 Par.
1091 1338 1155 1396 DK.
1176 1343 1235 1397 Vai.

220 1428 246 1478 p.
264 1411 348 1462 Vatic.
369 1410 500 1462 Creuzeri.
530 1408 557 1458 lu
578 1408 653 1460 Bodl.
674 1408 754 1459 Coial.
775 1408 830 1458 Vnt.
852 1405 883 1460 A.
903 1409 964 1459 Par.
983 1409 1040 1462 EF.
1060 1410 1150 1465 Ambr.
1167 1415 1233 1478 Aug.

222 1496 248 1532 u.
265 1496 297 1530 w.
315 1479 373 1530 Vat.
392 1493 417 1530 u.
436 1494 448 1529 τ
477 1493 496 1526 a.
512 1477 575 1528 ven,
595 1484 606 1527 t
629 1483 670 1527 est
693 1474 939 1543 ἀξιομνημόνευτον,
959 1478 1028 1544 quod
1044 1494 1144 1535 veram.
1164 1481 1236 1533 vett.
1283 1520 1292 1543 χ

222 1547 296 1602 editt.
318 1546 412 1598 habeut
431 1544 686 1612 ἄξιομνημοντύτον,
710 1545 784 1595 sicuti
811 1546 835 1596 in
857 1546 931 1602 Bodl.
948 1546 1163 1615 'superscriptum
1190 1566 1237 1603 ex-

226 1622 287 1668 atat.
320 1615 349 1667 ld
368 1617 435 1667 male
454 1615 568 1666 defendit
583 1614 715 1667 Hammel.
745 1612 809 1665 Nam
824 1615 871 1665 etri
889 1617 1026 1685 genitivum
1046 1628 1104 1668 cum
1118 1609 1155 1669 ‹i›
1172 1635 1237 1671 coa·

224 1685 333 1749 iungere
349 1686 444 1749 liceat,
473 1691 559 1735 tanuen
583 1698 663 1748 quum
687 1699 737 1733 non
756 1683 805 1748 ipsi
824 1690 958 1748 oratores,
983 1685 1030 1735 sed
1052 1688 1239 1740 tantummode

226 1754 355 1806 orationes
374 1754 459 1805 vocari
481 1753 581 1819 possint
599 1749 842 1818 ἅξιομνημόοιντοι,
867 1769 924 1804 earn
949 1753 1086 1806 lectionem
1113 1756 1235 1809 vitiosam

227 1819 285 1874 erae
303 1828 419 1890 apparet.
455 1824 482 1875 lu
501 1821 577 1872 Bodl.
605 1822 664 1871 Vnt.
688 1820 719 1872 A.
747 1821 809 1872 Vera.
836 1820 863 1874 Ξ.
888 1822 963 1873 Vind.
989 1821 1014 1874 2.
1035 1824 1099 1890 dap.
1119 1840 1150 1878 ιτ.
1168 1825 1238 1877 circa

227 1890 398 1943 desideratur.
434 1890 515 1956 igitur
532 1890 605 1941 uncia
623 1890 725 1941 aecluai.
762 1888 828 1941 Nam
852 1894 880 1941 et
897 1896 969 1942 recte
986 1891 1081 1944 abesae
1098 1898 1235 1960 petent-et

225 1960 382 2028 optimorum
401 1959 524 2011 librorum
543 1959 692 2009 destituitur
708 1958 870 2010 auctoritate.

296 2029 326 2080 B.
360 2030 392 2078 dr
417 2032 489 2086 τοῖς
511 2026 741 2096 πρεσβύτατον
764 2025 929 2078 tiruncula
946 2031 1051 2089 θεῶν]
1071 2029 1228 2081 vetuerint.

224 2095 510 2164 rependendarum-quud
528 2113 544 2147 e
563 2095 637 2146 Bodl.
656 2096 714 2145 Vat.
732 2094 764 2145 Δ.
785 2095 863 2146 Vind«
875 2098 897 2150 l.
916 2096 942 2150 2.
960 2096 986 2162 7,
1006 2097 1067 2150 Par.
1085 2096 1143 2150 ull.
1162 2101 1229 2164 aeg.

148 2212 152 2221 ,
225 2181 257 2216 ιτ.
277 2166 334 2216 Vat.
351 2181 376 2230 p.
393 2165 510 2216 Stobaco
529 2164 636 2229 Eclopg.
648 2163 727 2227 Phys.
739 2181 765 2229 p.
782 2163 840 2216 154.
854 2172 988 2217 mutatum.
1025 2167 1081 2219 Pro
1092 2171 1140 2218 reia
1153 2171 1233 2232 aeda,

226 2233 295 2297 quod
319 2238 453 2297 tenemur,
477 2232 520 2284 alii
544 2248 577 2285 ex
603 2233 664 2284 Par.
687 2231 748 2283 DK.
775 2234 864 2286 Ambr.
888 2234 947 2286 Vat.
971 2249 993 2285 r.
1019 2251 1044 2301 p.
1069 2235 1145 2289 Vind.
1168 2240 1191 2292 1.
1208 2237 1236 2291 7.

227 2301 288 2353 Vat·
308 2302 402 2354 Creuz.
421 2300 549 2357 dederunt
567 2298 614 2351 adn
633 2297 708 2352 θὲόν.
741 2301 794 2352 Ριο
807 2304 894 2366 τίμιον
912 2294 930 2365 ἤ
948 2302 977 2353 δ’
1000 2301 1173 2359 destebaeaa
1185 2307 1238 2359 lc.

226 2370 313 2438 ripere
330 2369 408 2430 aldor.
445 2369 507 2424 lude
528 2371 674 2422 Crenaerue
699 2369 732 2423 ad
757 2369 852 2423 Plotid.
874 2373 891 2424 l.
911 2386 935 2422 ο.
959 2374 1070 2438 eleganti
1089 2375 1240 2428 commun

256 2528 279 2591 ’ἃ
297 2541 333 2593 dd
347 2537 492 2607 μάλιστα
509 2568 543 2579 -
557 2533 710 2606 οἷξιομνη-
761 2539 906 2591 incitandia.
931 2540 1015 2592 Docet
1035 2548 1171 2608 praeterea
1185 2560 1240 2609 ena,

227 2608 399 2676 μόνιοτον
422 2607 526 2676 εἶναι]
547 2607 625 2660 Quod
644 2622 711 2659 nunc
760 2610 802 2673 qui
825 2609 915 2659 Amori
940 2625 969 2661 ae
1000 2626 1105 2677 proraua
1134 2612 1242 2665 dedide-

229 2677 382 2730 reduximua
417 2677 521 2728 tandem
550 2674 710 2743 ἆξοομνημό-
760 2677 824 2740 rint,
857 2678 976 2729 maximia
1006 2680 1128 2745 praemiis
1153 2697 1169 2734 a
1195 2681 1242 2734 dila

228 2764 337 2808 νιοτον,
356 2745 381 2796 id
404 2750 530 2797 mutatum
550 2746 586 2796 ab
611 2746 641 2796 iia
660 2751 709 2809 est,
761 2760 820 2796 aare
849 2747 960 2797 affector
993 2753 1020 2798 et
1045 2750 1177 2801 ornatoa.'
1203 2751 1242 2802 De

229 2816 273 2881 qul
292 2821 438 2866 structurae
455 2828 537 2880 genua
553 2829 603 2864 nou
621 2814 710 2879 cogni·
760 2812 844 2865 forma
869 2813 941 2866 huius
966 2817 1089 2868 oraticula
1112 2833 1135 2869 v.
1161 2818 1196 2870 ad
1220 2835 1242 2871 c.

229 2889 285 2937 tum
303 2882 432 2937 hubereut.
475 2882 525 2935 Eat
541 2899 603 2934 vero
621 2879 638 2932 it
656 2882 710 2939 ἀει·
758 2883 803 2934 Ν.
824 2882 853 2933 Β.
1003 2893 1005 2896 ⁴

229 2951 432 3074 littitt‘tt
449 2951 712 3088 illiniti?
762 2953 901 3073 arilli}
915 2952 1053 3088 litii
1080 2954 1243 3073 ΨΜ

367 3059 375 3087 ,
892 3057 897 3069 .
933 3058 939 3071 .
977 3058 982 3070 .
1056 3061 1061 3072 .
1107 3061 1113 3074 .

229 3106 271 3143 ma
296 3106 320 3145 v.
343 3096 409 3143 nat.
430 3091 462 3143 tid
488 3090 569 3157 Legg·
597 3108 621 3157 p.
643 3090 711 3154 177„
795 3091 826 3142 B.
862 3092 894 3140 tv
917 3097 988 3147 τοῖς
1014 3090 1243 3158 πρεσβύτατον

229 3160 254 3211 id
272 3158 343 3227 quod
361 3164 436 3212 recto
459 3160 555 3212 iudicio
579 3160 712 3228 perspexit
761 3156 875 3225 eirca}
895 3159 971 3211 Solet
985 3161 1013 3220 ,ἰν
1030 3165 1086 3216 τοῖς
1105 3160 1243 3229 superlati·

229 3227 429 3293 Bernhardy
457 3228 567 3280 Salax.
602 3246 627 3296 p.
651 3226 710 3283 336.
761 3227 1244 3296 viaaddi‚utLatinalunge,mul-

229 3294 346 3363 Pergcre
384 3246 565 3348 Aristodemus
608 3302 712 3364 poterat
762 3303 809 3361 to,
842 3297 1015 3362 imprimis,
1051 3302 1240 3365 praecipue,

230 3364 282 3416 uic:
306 3364 348 3414 aar
369 3356 404 3415 ὧν
427 3366 498 3421 ἔδοξέ
525 3383 573 3430 μοι
595 3365 711 3432 μάλιστα
761 3366 913 3428 eutalium
939 3366 985 3417 aed
1003 3381 1064 3418 uum
1083 3369 1129 3418 tali
1148 3367 1242 3434 ellipai,

230 3430 465 3498 ἆξοομνημόνιοτος
497 3430 511 3482 ὁ
538 3430 632 3499 λόγοςς
662 3430 711 3485 aed
760 3435 828 3500 quali
852 3436 929 3500 vulgo
952 3436 1057 3499 nolunt,
1088 3452 1132 3487 rea
1162 3436 1245 3503 expli

229 3501 375 3568 praemineo
397 3497 415 3549 d
440 3501 503 3552 dixit
526 3503 613 3572 potiua
639 3501 711 3556 ἆξιο-
761 3502 842 3554 canda
862 3503 912 3566 ait,
939 3503 965 3555 id
991 3505 1096 3567 quidem
1116 3520 1173 3562 nun
1197 3506 1246 3557 lra-

229 3567 418 3636 μνημόνιοτον.
462 3569 537 3620 Unde
569 3570 711 3635 repetenda
761 3573 855 3625 merito
884 3571 1012 3624 dubitavit
1038 3571 1081 3624 Fr.
1104 3575 1136 3624 A.
1163 3572 1247 3625 Wal-

232 3644 273 3689 eat
283 3643 432 3691 structurae
451 3637 550 3702 periodi
563 3639 709 3691 inscientia.
760 3641 826 3692 iiua
844 3639 876 3690 ad
898 3640 983 3692 Reizii
1002 3642 1094 3693 librum
1115 3642 1151 3693 de
1167 3641 1245 3695 lacl-

265 3705 402 3773 Πρῶτον
426 3703 572 3773 ptrpc'p]
608 3706 712 3759 Laudat
761 3715 814 3761 nat
834 3709 1047 3775 necentp21.
1090 3709 1247 3763 Nam'aclet

230 3774 365 3829 Phaedrus
383 3777 507 3825 Amorem
523 3776 652 3839 ageneria
665 3792 712 3828 an·
761 3781 787 3828 da
813 3783 869 3833 τοῖς
899 3779 976 3828 etiam
1003 3778 1148 3830 numinibus
1172 3779 1249 3833 lemi-

231 3844 348 3909 tiquitute
366 3849 392 3895 et
410 3843 496 3899 multia
515 3858 547 3893 ex
566 3849 655 3896 vetere
674 3844 712 3896 lti-
762 3846 813 3897 nini
843 3846 947 3909 generis
982 3863 1041 3900 cum
1085 3848 1247 3913 superlativo

232 3915 312 3967 atoria
336 3912 475 3980 propueilia
505 3913 629 3978 exemplis
652 3930 712 3980 pro·
763 3914 855 3966 iunctis
892 3915 1030 3978 praemitti.
1084 3916 1174 3982 ltaque
1214 3916 1251 3967 aic

230 3981 276 4033 bat
294 3983 402 4043 divinam
422 3982 477 4034 eiua
495 3987 521 4032 et
536 3996 641 4048 proraua
660 3983 712 4033 ein·
763 3980 927 4035 statuendum
966 3984 1083 4040 uidetur:
1125 3984 1249 4054 principle

230 4050 346 4117 gulareni
381 4066 440 4105 eane
479 4051 530 4102 vim
547 4049 586 4114 ⁴in
621 4051 713 4103 animia
764 4051 869 4118 quidem
888 4051 914 4100 ἐν
933 4056 987 4110 τοῖς
1006 4050 1105 4107 dictum
1128 4070 1189 4107 eaae
1213 4046 1250 4105 el-

231 4118 362 4176 hominum
390 4122 424 4174 ad
456 4135 559 4173 omnem
593 4118 713 4173 virtutem
764 4118 867 4187 liptlce,
894 4126 923 4171 ut
940 4119 1127 4188 intelligeretur
1152 4137 1249 4176 nomen
