2604 4620
197 215 241 275 tlt
588 219 837 282 l'bATONlS

197 411 267 477 ριιν
302 386 390 473 ἡμᾶς
424 382 508 470 μετὰ
545 391 604 454 τοῦ
639 386 743 474 λόγου
777 396 812 457 ἑν
838 393 878 484 τῇ
905 398 1036 482 σκέψει,
1061 421 1132 474 οτι,
1155 405 1214 478 ta,

197 484 241 557 ὀίν
269 484 307 554 τὸ
330 489 424 570 σῶμα
453 489 575 572 ἔχωμεν
600 492 654 554 καὶ
681 489 934 582 ξυμπεφυρμίνη
957 484 1088 586 ᾗὴμῶν
1107 494 1128 578 ἡ
1146 516 1214 588 ψυ-

193 583 236 673 χὴ
261 580 345 671 μετὰ
373 587 435 651 τοῦ
464 585 619 654 τοιούτου
645 594 768 668 κακοῦ,
805 589 843 656 οὐ
868 591 913 676 μή
942 619 1021 661 ποτε
1047 596 1213 680 κτησαίμε-

195 690 247 752 θα
278 688 399 762 ἱκανῶς
426 678 465 752 οὗ
492 692 742 774 ἐπιθυμοῦμεν·
777 694 887 782 φαμὲν
922 697 955 758 δὲ
989 697 1089 777 τοῦτο
1128 696 1212 762 εἶναι

198 780 237 852 τὸ
265 782 405 866 ἀληθές.
438 795 558 874 μυρίας
590 794 652 874 μὲν
684 786 749 877 γὰρ
786 788 865 875 ἡμῖν
898 790 1053 879 ἀσχολίας
1079 803 1211 883 παρέχει

144 897 169 958 c
197 879 236 951 τὸ
265 889 360 970 σῶμα
388 883 442 953 διὰ
470 885 532 968 τὴν
557 887 747 975 ἀναγκαίαν
775 891 920 982 τροφήν·
947 899 994 959 ἔτι
1018 897 1066 971 δέ,
1093 890 1136 961 dv
1162 920 1211 961 τι·

197 1010 251 1062 νες
277 985 370 1052 νόσοι
397 996 640 1069 προςπίσοισιν,
675 994 911 1075 ἐμποδίζουσιν
934 986 1028 1078 ἡμῶν
1063 991 1123 1074 τὴν
1150 999 1209 1061 τοῦ

194 1079 295 1162 ὄντος
321 1082 459 1173 θήραν·
497 1084 627 1175 ἐρώτων
660 1090 693 1154 δὲ
721 1094 775 1155 καί
802 1095 992 1176 ἐπιθυμιῶν
1018 1097 1073 1160 καὶ
1099 1090 1211 1185 φόβων

265 1312 302 1364 od
323 1313 367 1379 μί
387 1333 467 1364 ποτε
485 1313 698 1380 κτησώμεθα]
719 1313 830 1364 Bekker.
849 1316 933 1365 esolo
946 1315 1020 1365 Vind.
1037 1321 1069 1371 Φ,
1082 1324 1108 1368 et
1121 1321 1211 1369 Ambr.

195 1382 350 1447 κτησόμεθα
376 1383 460 1446 dedit,
486 1390 651 1449 praeceptum
679 1383 779 1432 Dawesi
804 1388 925 1444 secutus,
956 1385 1026 1446 quod
1050 1391 1136 1438 tamen
1159 1387 1211 1436 tide

94 1506 100 1514 ,
195 1451 329 1516 indignum
349 1466 408 1502 esse
427 1451 504 1501 bodie
514 1467 590 1502 nemo
604 1450 738 1500 dubitabit.
758 1466 789 1500 v„
802 1451 974 1508 Hermann.
991 1452 1023 1503 ad
1035 1446 1125 1520 Ειιείρ.Ι
1138 1455 1209 1506 Med.

195 1517 256 1573 300.
275 1525 302 1570 et
320 1534 368 1569 nos
386 1518 418 1570 ad
437 1520 500 1571 Pbil.
520 1537 545 1586 p.
566 1519 609 1573 21.
628 1534 660 1568 ac
678 1519 756 1584 Reip.
777 1517 821 1572 Vl.
839 1535 863 1584 p.
881 1517 941 1574 492.
960 1519 999 1570 ll..

196 1691 323 1750 θαρσις
373 1684 386 1749 q‘
430 1688 480 1738 tal
529 1688 679 1755 θεωρίαν
729 1688 825 1752 Cratyl.
857 1686 1020 1753 ρ.386.·Α.
1064 1687 1118 1738 Iam
1148 1703 1210 1740 vero

197 1754 332 1819 ἄγουσα,
362 1753 392 1805 od
418 1755 467 1818 τὴν
496 1756 630 1824 λεωφόρον
654 1757 679 1806 dl
729 1757 821 1806 semita
840 1756 883 1806 illc
903 1755 951 1806 boc
969 1756 1055 1806 iacere
1074 1756 1167 1807 dicitur
1184 1760 1211 1806 lv

196 1825 238 1874 δεῖ
263 1825 339 1887 ἰέναι,
373 1826 451 1874 τοῦτ’
477 1827 531 1873 locs
557 1826 604 1889 τὴν
629 1829 679 1873 τῶν
729 1829 760 1887 τῇ
775 1828 877 1887 σκέψει,
895 1823 952 1875 lte·
972 1824 1003 1873 in
1022 1826 1210 1887 quaerenda
1236 1869 1239 1875 .

196 1893 307 1942 πολλῶν.
339 1892 383 1942 καὶ
415 1892 604 1961 Πυθαγόρειον
629 1891 678 1959 γὰρ
731 1894 884 1943 veritate.
919 1892 985 1942 Nam
1008 1892 1040 1943 de
1069 1892 1210 1956 110060ξί-

197 1954 230 2024 ιῖν
255 1959 424 2027 παράγγελμα
455 1961 592 2029 φεζόγειν
620 1961 679 2017 τὰς
730 1960 837 2011 tandum
860 1975 918 2011 esse
943 1976 975 2010 ex
997 1961 1132 2011 universae
1156 1961 1209 2010 dis-

197 2028 403 2094 λεωφόροἐ.-ς.
445 2030 511 2080 Nam
542 2036 572 2080 ut
598 2029 678 2079 Plato
730 2028 869 2092 putationis
888 2029 988 2079 ratione
1007 2035 1125 2094 apparet.
1148 2029 1209 2079 Ple-

197 2110 249 2144 non
285 2096 438 2158 cogitaverit
474 2096 506 2146 do
540 2101 680 2161 praecepto
731 2095 786 2145 nius
811 2095 849 2144 De
867 2096 934 2160 Rep.
953 2095 972 2144 l.
991 2113 1016 2160 p.
1035 2096 1095 2150 336.
1114 2096 1145 2146 E.
1171 2096 1210 2146 di-

198 2162 251 2211 lsto
284 2161 475 2225 Pythagorico,
506 2162 539 2214 de
574 2177 625 2224 quo
655 2179 678 2211 v.

199 2228 454 2280 Rittersbusius
490 2230 522 2278 ad
562 2228 680 2296 Porpby-

200 2297 266 2346 rium
292 2298 330 2348 De
354 2296 404 2348 Vit.
432 2289 571 2362 Pythagor.
597 2297 617 2360 0.
637 2295 679 2349 42.

201 2370 228 2415 at
245 2364 415 2429 Gyraldus
440 2366 478 2415 De
497 2366 606 2428 symbol.
626 2365 680 2429 Py·

200 2432 300 2498 tbagor.
318 2450 342 2498 p.
363 2432 421 2486 103.
440 2434 465 2483 ln
484 2434 544 2483 edit.
565 2433 695 2484 Hierocl..

200 2501 285 2551 Lond.
324 2500 398 2554 1673.
434 2503 554 2552 laudatus
592 2501 633 2552 ille
666 2516 681 2549 a

200 2568 460 2631 Wytteubacbio
483 2570 515 2620 ad
537 2569 614 2628 l1.l.‚
639 2575 679 2618 ta-

731 2161 796 2210 citm
819 2162 845 2208 ἐν
873 2167 903 2223 τῇ
931 2163 981 2210 τῶν
1004 2151 1087 2228 λόγων
1113 2169 1211 2230 σκέψει.

730 2226 799 2278 Fieri
823 2234 908 2278 autem
934 2229 994 2279 illud
1013 2247 1092 2294 posse
1109 2233 1210 2283 iudica·

730 2301 772 2344 tur
789 2293 860 2360 μετοὶι
879 2300 929 2344 τοῦ
948 2295 1045 2359 lo'yoo,
1068 2297 1091 2347 11.
1110 2316 1132 2348 e.
1156 2317 1211 2351 ttu-

730 2362 1210 2431 xillantes.ducenteratione,

730 2430 798 2494 quod
819 2446 885 2481 nunc
902 2447 952 2481 non
970 2438 1090 2496 putamus
1108 2449 1165 2483 cunr
1185 2438 1211 2483 ἐν

731 2504 763 2560 τῇ
788 2503 874 2561 σκέψει
902 2500 1109 2550 connectendum
1140 2519 1208 2565 esse,
1255 2508 1259 2516 ’

731 2571 761 2615 ut
784 2567 940 2633 intelligatur
970 2569 1039 2618 veri
1067 2570 1210 2621 investi-

200 2637 377 2686 mendubium
392 2644 505 2699 nonest,
525 2634 682 2702 quindrpa-
732 2635 827 2697 patio
864 2642 971 2686 mente
1007 2643 1039 2686 et
1074 2640 1210 2689 ratione

199 2720 249 2759 πος
267 2704 434 2767 intelligenda
453 2705 487 2755 sit
512 2705 607 2763 solutio
626 2703 681 2753 ani·
733 2701 816 2752 duce
840 2703 1015 2764 instituta,
1043 2705 1090 2754 sed
1115 2706 1209 2756 cobae-

200 2772 235 2821 mi
267 2787 430 2836 acorpore,
457 2774 538 2837 qualis
567 2770 682 2836 perfecta
732 2784 789 2820 rere
831 2772 919 2836 potius
957 2772 1114 2822 arbitramur
1150 2789 1208 2824 cum

200 2840 351 2890 mortalibus
372 2847 456 2890 morte
475 2841 577 2892 demum
597 2840 681 2889 obtin·
731 2836 850 2904 ἀτραπός
872 2859 911 2895 τις
931 2842 1051 2907 ἐκφέρειν.
1087 2841 1211 2905 θαμειαί

143 2928 145 2932 ·
199 2908 245 2974 git.
271 2908 459 2970 Quaequidem
480 2908 681 2961 semitaideo
732 2907 769 2956 ita
813 2916 937 2973 usurpato
974 2925 997 2961 v.
1040 2909 1208 2962 Demostlt.

202 2983 321 3039 vocatur,
347 2977 461 3042 quia-ea
487 2986 617 3044 tamquam
637 2992 682 3025 an·
732 2974 810 3039 Lept.
836 2977 859 3038 §.
881 2977 937 3030 100.
961 2975 1026 3042 μετὰ
1053 2983 1101 3026 τῶν
1124 2977 1209 3041 νόμον

201 3052 279 3112 gusta
303 3046 430 3111 quaedam
455 3047 495 3098 via
524 3043 681 3114 pbilosophis
732 3041 764 3092 τὰ
801 3045 886 3094 δίκαια
917 3045 1102 3110 λαμβάνοντες,
1140 3045 1210 3109 quod

201 3116 292 3167 relicta
319 3122 373 3176 est,
402 3130 479 3179 quam
506 3117 533 3167 in
561 3115 607 3165 bac
630 3114 683 3164 vita
732 3110 1139 3178 Wolliusvereiuterpretatur
1157 3114 1210 3180 du7

201 3189 320 3232 tenentes
339 3199 369 3232 ac
383 3192 567 3248 persequentes
585 3182 617 3233 ad
636 3183 683 3232 ali·
734 3183 893 3232 centibus
912 3183 1054 3246 legibus,
1074 3185 1131 3234 coll,
1150 3182 1208 3233 infr.

202 3264 277 3312 quam
297 3251 411 3298 veritatis
438 3253 571 3303 seientiam
592 3255 619 3299 et
634 3256 683 3298 'co-
732 3265 757 3312 p.
782 3247 823 3299 02.
844 3252 873 3301 D.
894 3255 920 3300 et
936 3265 992 3300 auu.
1011 3248 1042 3298 ad
1068 3248 1142 3314 Reip.
1163 3250 1209 3300 lX.

202 3315 343 3379 gnitionem
372 3319 530 3379 perveniant.
577 3317 681 3365 Etenim
733 3329 758 3378 p.
785 3314 841 3366 157.
868 3317 899 3368 Β,
928 3315 1092 3366 Matthiae
1114 3318 1161 3366 Gr.
1186 3318 1209 3380 §.

201 3384 324 3448 ἐκφέρειν,
343 3383 499 3448 educere,
519 3382 680 3446 nuncsigui.
731 3378 791 3432 583.
825 3381 849 3434 3.
894 3384 985 3446 ltaque
1015 3381 1078 3434 baec
1108 3384 1210 3446 quidem

200 3451 273 3500 dont:
331 3466 368 3502 ex
416 3451 681 3504 difficultatibus
732 3449 818 3499 omnia
847 3452 910 3501 satis
933 3451 982 3500 iam
1006 3448 1126 3513 expedita
1151 3469 1210 3504 esso
1263 3504 1266 3508 ,

202 3517 361 3579 educere,
386 3535 452 3583 quae
478 3537 599 3572 sensuum
621 3533 680 3583 per·
731 3524 861 3583 putamus.
890 3519 1209 3571 Necveromultumam-

201 3586 392 3637 turbationibus
410 3604 441 3637 ac
460 3589 576 3640 ludibriis
593 3587 680 3638 oriun-
730 3585 870 3650 bigendum
894 3587 926 3637 de
943 3586 1031 3644 verbis
1047 3602 1209 3651 consequen.

200 3661 259 3717 tur,
284 3654 319 3704 ita
347 3662 376 3704 ut
393 3655 425 3704 ad
444 3663 542 3707 certum
569 3659 680 3721 aliquem
731 3654 812 3704 tibus:
839 3653 882 3704 όιι
906 3653 950 3712 ἓως
974 3653 1005 3702 ἂν
1029 3654 1058 3702 τό
1085 3662 1157 3720 σῶμα
1183 3677 1206 3706 κ.

200 3723 460 3786 finemperreniatur.
497 3726 563 3776 Nam
577 3722 681 3790 proprie
730 3741 754 3770 τ.
772 3723 793 3771 λ.
831 3724 995 3788 eramquam
1019 3722 1086 3772 istud
1109 3723 1151 3773 ότι
1171 3727 1208 3775 vi·

202 3797 291 3844 estse
310 3792 383 3840 loco
400 3797 495 3857 septo
513 3796 563 3845 vel
582 3795 682 3854 impe·
730 3805 775 3841 ros
793 3789 884 3842 doctos
904 3793 967 3841 mire
986 3792 1096 3854 vexavit,
1116 3798 1144 3842 ut
1161 3809 1209 3844 nu-

202 3860 274 3916 dito
299 3858 501 3926 inapertum
520 3862 682 3919 educere3
731 3872 778 3922 per
805 3857 871 3909 adeo
902 3858 1087 3910 Scbmidius
1113 3860 1208 3926 Progr.
1265 3914 1271 3925 Ι

200 3945 225 3981 a,
257 3924 357 3993 Sopb.
389 3928 460 3981 Alae,
484 3946 507 3983 v,
532 3931 556 3982 7,
586 3924 680 3990 oedip.
733 3924 899 3992 Wittenberg.
918 3943 941 3978 n.
963 3923 1036 3980 1846.
1067 3928 1208 3983 Duorum

201 3997 301 4053 colu.
322 3993 396 4052 1424.
423 4012 488 4061 quos
506 4000 579 4050 locos
597 3994 682 4048 attulit
731 3994 878 4045 locorum
912 3995 1073 4048 Phaedon.
1105 3998 1209 4062 expli-

202 4066 280 4130 φίλιοι
308 4064 497 4130 Heindort,
533 4073 560 4119 et
592 4067 678 4120 Prot.
731 4066 790 4113 cat·
810 4077 833 4127 p.
855 4064 895 4118 10.
918 4064 1210 4130 acrlbendusnputave-
