<?xml version="1.0" encoding="UTF-8"?>
<!DOCTYPE html PUBLIC "-//W3C//DTD XHTML 1.0 Transitional//EN"
    "http://www.w3.org/TR/xhtml1/DTD/xhtml1-transitional.dtd">
<html xmlns="http://www.w3.org/1999/xhtml" xml:lang="en" lang="en">
 <head>
  <title>
</title>
<meta http-equiv="Content-Type" content="text/html;charset=utf-8" />
  <meta name='ocr-system' content='tesseract 3.04.00' />
  <meta name='ocr-capabilities' content='ocr_page ocr_carea ocr_par ocr_line ocrx_word'/>
</head>
<body>
  <div class='ocr_page' id='page_1' title='image "./platonisoperaom00stalgoog_0376.png"; bbox 0 0 2604 4620; ppageno 0'>
   <div class='ocr_carea' id='block_1_1' title="bbox 417 239 1148 291">
    <p class='ocr_par' dir='ltr' id='par_1_1' title="bbox 417 239 1148 291">
     <span class='ocr_line' id='line_1_1' title="bbox 417 239 1148 291; baseline 0.004 -3"><span class='ocrx_word' id='word_1_1' title='bbox 417 242 467 288; x_wconf 80' lang='lat' dir='ltr'><strong>An</strong></span> <span class='ocrx_word' id='word_1_2' title='bbox 491 239 708 288; x_wconf 79' lang='lat' dir='ltr'>SYMPOSIUM.</span> <span class='ocrx_word' id='word_1_3' title='bbox 1008 242 1073 291; x_wconf 76' lang='lat' dir='ltr'><strong>xlx</strong></span> <span class='ocrx_word' id='word_1_4' title='bbox 1143 244 1148 259; x_wconf 97' lang='lat'><em>&#39;</em></span> 
     </span>
    </p>
   </div>
   <div class='ocr_carea' id='block_1_2' title="bbox 19 392 1168 993">
    <p class='ocr_par' dir='ltr' id='par_1_2' title="bbox 19 392 1168 965">
     <span class='ocr_line' id='line_1_2' title="bbox 56 392 1075 464; baseline -0.002 -2"><span class='ocrx_word' id='word_1_5' title='bbox 56 396 167 464; x_wconf 91' lang='lat' dir='ltr'><strong>tudine</strong></span> <span class='ocrx_word' id='word_1_6' title='bbox 193 395 349 461; x_wconf 77' lang='lat' dir='ltr'><strong>nitentem</strong></span> <span class='ocrx_word' id='word_1_7' title='bbox 374 394 475 458; x_wconf 89' lang='lat' dir='ltr'><strong>multo</strong></span> <span class='ocrx_word' id='word_1_8' title='bbox 502 392 665 459; x_wconf 79' lang='lat' dir='ltr'>ardentius</span> <span class='ocrx_word' id='word_1_9' title='bbox 688 394 782 458; x_wconf 78' lang='lat' dir='ltr'><strong>etiam</strong></span> <span class='ocrx_word' id='word_1_10' title='bbox 806 392 856 458; x_wconf 90' lang='lat' dir='ltr'><strong>sui</strong></span> <span class='ocrx_word' id='word_1_11' title='bbox 878 392 1075 460; x_wconf 87' lang='lat' dir='ltr'><strong>desiderium</strong></span> 
     </span>
     <span class='ocr_line' id='line_1_3' title="bbox 56 477 1168 563; baseline -0.004 -15"><span class='ocrx_word' id='word_1_12' title='bbox 56 481 198 548; x_wconf 84' lang='lat' dir='ltr'><strong>excitare</strong></span> <span class='ocrx_word' id='word_1_13' title='bbox 210 478 374 558; x_wconf 86' lang='lat' dir='ltr'><strong>iudicavit,</strong></span> <span class='ocrx_word' id='word_1_14' title='bbox 397 500 494 563; x_wconf 87' lang='lat' dir='ltr'><strong>quam</strong></span> <span class='ocrx_word' id='word_1_15' title='bbox 509 477 736 563; x_wconf 84' lang='lat' dir='ltr'><strong>pulcerrimum</strong></span> <span class='ocrx_word' id='word_1_16' title='bbox 755 478 1075 563; x_wconf 79' lang='lat' dir='ltr'><strong>venustissimamqua</strong></span> <span class='ocrx_word' id='word_1_17' title='bbox 1165 496 1168 503; x_wconf 80' lang='grc'><em>·</em></span> 
     </span>
     <span class='ocr_line' id='line_1_4' title="bbox 56 561 1083 650; baseline -0.003 -18"><span class='ocrx_word' id='word_1_18' title='bbox 56 589 184 644; x_wconf 89' lang='lat' dir='ltr'><strong>eorum,</strong></span> <span class='ocrx_word' id='word_1_19' title='bbox 205 585 287 650; x_wconf 89' lang='lat' dir='ltr'><strong>quos</strong></span> <span class='ocrx_word' id='word_1_20' title='bbox 307 584 466 641; x_wconf 90' lang='lat' dir='ltr'><strong>amemus,</strong></span> <span class='ocrx_word' id='word_1_21' title='bbox 493 561 647 648; x_wconf 87' lang='lat' dir='ltr'><strong>figuram,</strong></span> <span class='ocrx_word' id='word_1_22' title='bbox 677 563 802 628; x_wconf 89' lang='lat' dir='ltr'><strong>etiamsi</strong></span> <span class='ocrx_word' id='word_1_23' title='bbox 822 562 856 626; x_wconf 90' lang='lat' dir='ltr'><strong>in</strong></span> <span class='ocrx_word' id='word_1_24' title='bbox 877 562 927 627; x_wconf 92' lang='lat' dir='ltr'><strong>his</strong></span> <span class='ocrx_word' id='word_1_25' title='bbox 949 569 1083 647; x_wconf 50' lang='lat' dir='ltr'><strong>quoque*</strong></span> 
     </span>
     <span class='ocr_line' id='line_1_5' title="bbox 19 646 1076 734; baseline -0.003 -20"><span class='ocrx_word' id='word_1_26' title='bbox 19 658 24 664; x_wconf 86' lang='lat'>&#39;</span> <span class='ocrx_word' id='word_1_27' title='bbox 56 651 196 716; x_wconf 84' lang='lat' dir='ltr'><strong>divinae-</strong></span> <span class='ocrx_word' id='word_1_28' title='bbox 222 647 425 714; x_wconf 88' lang='lat' dir='ltr'><strong>ulcritudinis</strong></span> <span class='ocrx_word' id='word_1_29' title='bbox 446 647 620 734; x_wconf 86' lang='lat' dir='ltr'><strong>imaginem</strong></span> <span class='ocrx_word' id='word_1_30' title='bbox 642 646 804 730; x_wconf 89' lang='lat' dir='ltr'><strong>quandam</strong></span> <span class='ocrx_word' id='word_1_31' title='bbox 824 649 949 712; x_wconf 83' lang='lat' dir='ltr'>elucere</span> <span class='ocrx_word' id='word_1_32' title='bbox 972 658 1076 712; x_wconf 90' lang='lat' dir='ltr'><strong>statu·</strong></span> 
     </span>
     <span class='ocr_line' id='line_1_6' title="bbox 57 729 1077 818; baseline -0.006 -17"><span class='ocrx_word' id='word_1_33' title='bbox 57 735 137 811; x_wconf 78' lang='lat' dir='ltr'><strong>erit3</strong></span> <span class='ocrx_word' id='word_1_34' title='bbox 156 758 187 800; x_wconf 87' lang='lat' dir='ltr'><strong>v.</strong></span> <span class='ocrx_word' id='word_1_35' title='bbox 233 732 344 798; x_wconf 89' lang='lat' dir='ltr'><strong>haedr.</strong></span> <span class='ocrx_word' id='word_1_36' title='bbox 361 755 393 818; x_wconf 89' lang='lat' dir='ltr'><strong>p.</strong></span> <span class='ocrx_word' id='word_1_37' title='bbox 406 733 478 796; x_wconf 78' lang='lat'><strong>249.</strong></span> <span class='ocrx_word' id='word_1_38' title='bbox 489 729 534 795; x_wconf 91' lang='lat' dir='ltr'><strong>D.</strong></span> <span class='ocrx_word' id='word_1_39' title='bbox 546 752 595 816; x_wconf 89' lang='lat' dir='ltr'><strong>sq.</strong></span> <span class='ocrx_word' id='word_1_40' title='bbox 607 732 680 796; x_wconf 78' lang='lat'><strong>250.</strong></span> <span class='ocrx_word' id='word_1_41' title='bbox 692 729 819 796; x_wconf 80' lang='grc' dir='ltr'>Β-Ι).</span> <span class='ocrx_word' id='word_1_42' title='bbox 843 730 956 797; x_wconf 85' lang='lat' dir='ltr'><strong>Habet</strong></span> <span class='ocrx_word' id='word_1_43' title='bbox 974 732 985 795; x_wconf 95' lang='lat' dir='ltr'><strong>i</strong></span> <span class='ocrx_word' id='word_1_44' title='bbox 1010 731 1077 795; x_wconf 89' lang='lat' dir='ltr'><strong>itur</strong></span> 
     </span>
     <span class='ocr_line' id='line_1_7' title="bbox 54 815 1078 965; baseline -0.002 -81"><span class='ocrx_word' id='word_1_45' title='bbox 54 819 108 884; x_wconf 90' lang='lat' dir='ltr'><strong>hic</strong></span> <span class='ocrx_word' id='word_1_46' title='bbox 121 840 212 884; x_wconf 87' lang='lat' dir='ltr'><strong>amor</strong></span> <span class='ocrx_word' id='word_1_47' title='bbox 217 816 438 889; x_wconf 85' lang='lat' dir='ltr'><strong>arctissimam</strong></span> <span class='ocrx_word' id='word_1_48' title='bbox 453 837 530 881; x_wconf 91' lang='lat' dir='ltr'><strong>sane</strong></span> <span class='ocrx_word' id='word_1_49' title='bbox 544 815 797 880; x_wconf 89' lang='lat' dir='ltr'><strong>coniunctionem</strong></span> <span class='ocrx_word' id='word_1_50' title='bbox 810 837 883 881; x_wconf 88' lang='lat' dir='ltr'><strong>cum</strong></span> <span class='ocrx_word' id='word_1_51' title='bbox 893 815 998 965; x_wconf 64' lang='lat' dir='ltr'><strong>ipsaup</strong></span> <span class='ocrx_word' id='word_1_52' title='bbox 1022 816 1078 882; x_wconf 84' lang='lat' dir='ltr'><strong>&#39;o-</strong></span> 
     </span>
    </p>

    <p class='ocr_par' dir='ltr' id='par_1_3' title="bbox 992 922 1076 993">
     <span class='ocr_line' id='line_1_8' title="bbox 992 922 1076 993; baseline 0 -28"><span class='ocrx_word' id='word_1_53' title='bbox 992 922 1076 993; x_wconf 80' lang='lat' dir='ltr'><strong>men,</strong></span> 
     </span>
    </p>
   </div>
   <div class='ocr_carea' id='block_1_3' title="bbox 24 898 1193 4109">
    <p class='ocr_par' dir='ltr' id='par_1_4' title="bbox 24 898 1083 1979">
     <span class='ocr_line' id='line_1_9' title="bbox 56 898 957 1000; baseline -0.001 -33"><span class='ocrx_word' id='word_1_54' title='bbox 56 902 179 989; x_wconf 83' lang='lat' dir='ltr'><strong>sophia,</strong></span> <span class='ocrx_word' id='word_1_55' title='bbox 202 903 295 968; x_wconf 88' lang='lat' dir='ltr'><strong>ouius</strong></span> <span class='ocrx_word' id='word_1_56' title='bbox 310 900 404 984; x_wconf 89' lang='lat' dir='ltr'><strong>quasi</strong></span> <span class='ocrx_word' id='word_1_57' title='bbox 419 900 586 1000; x_wconf 80' lang='lat' dir='ltr'><strong>quoddam</strong></span> <span class='ocrx_word' id='word_1_58' title='bbox 595 898 760 986; x_wconf 77' lang='lat' dir='ltr'><strong>fastigium</strong></span> <span class='ocrx_word' id='word_1_59' title='bbox 771 909 821 965; x_wconf 88' lang='lat' dir='ltr'><strong>est</strong></span> <span class='ocrx_word' id='word_1_60' title='bbox 830 910 957 984; x_wconf 82' lang='lat' dir='ltr'><strong>atquae</strong></span> 
     </span>
     <span class='ocr_line' id='line_1_10' title="bbox 55 984 1076 1072; baseline -0.002 -20"><span class='ocrx_word' id='word_1_61' title='bbox 55 986 216 1072; x_wconf 81' lang='lat' dir='ltr'><strong>siquidem</strong></span> <span class='ocrx_word' id='word_1_62' title='bbox 236 987 297 1051; x_wconf 90' lang='lat' dir='ltr'><strong>hoc</strong></span> <span class='ocrx_word' id='word_1_63' title='bbox 310 1007 376 1050; x_wconf 92' lang='lat' dir='ltr'><strong>uno</strong></span> <span class='ocrx_word' id='word_1_64' title='bbox 389 1007 515 1050; x_wconf 87' lang='lat' dir='ltr'><strong>annuus</strong></span> <span class='ocrx_word' id='word_1_65' title='bbox 528 984 691 1051; x_wconf 92' lang='lat' dir='ltr'><strong>hominum</strong></span> <span class='ocrx_word' id='word_1_66' title='bbox 707 994 739 1048; x_wconf 91' lang='lat' dir='ltr'><strong>et</strong></span> <span class='ocrx_word' id='word_1_67' title='bbox 752 1006 830 1050; x_wconf 88' lang='lat' dir='ltr'><strong>vera</strong></span> <span class='ocrx_word' id='word_1_68' title='bbox 843 986 950 1050; x_wconf 66' lang='lat' dir='ltr'><strong>redum</strong></span> <span class='ocrx_word' id='word_1_69' title='bbox 965 1006 1076 1072; x_wconf 85' lang='lat' dir='ltr'><strong>cugm-</strong></span> 
     </span>
     <span class='ocr_line' id='line_1_11' title="bbox 55 1068 1078 1154; baseline -0.002 -18"><span class='ocrx_word' id='word_1_70' title='bbox 55 1072 143 1137; x_wconf 89' lang='lat' dir='ltr'><strong>tione</strong></span> <span class='ocrx_word' id='word_1_71' title='bbox 169 1068 340 1148; x_wconf 82' lang='lat' dir='ltr'><strong>imbuitur,</strong></span> <span class='ocrx_word' id='word_1_72' title='bbox 374 1079 416 1134; x_wconf 79' lang='lat' dir='ltr'><strong>et·</strong></span> <span class='ocrx_word' id='word_1_73' title='bbox 430 1068 559 1134; x_wconf 88' lang='lat' dir='ltr'><strong>virtutis</strong></span> <span class='ocrx_word' id='word_1_74' title='bbox 584 1069 746 1154; x_wconf 77' lang='lat' dir='ltr'>perfectae</span> <span class='ocrx_word' id='word_1_75' title='bbox 766 1069 1078 1153; x_wconf 85' lang='lat' dir='ltr'><strong>&#39;consummataeque</strong></span> 
     </span>
     <span class='ocr_line' id='line_1_12' title="bbox 24 1152 1077 1240; baseline -0.002 -20"><span class='ocrx_word' id='word_1_76' title='bbox 24 1216 37 1227; x_wconf 86' lang='grc'><strong><em>,</em></strong></span> <span class='ocrx_word' id='word_1_77' title='bbox 55 1153 238 1220; x_wconf 82' lang='lat' dir='ltr'><strong>incenditur</strong></span> <span class='ocrx_word' id='word_1_78' title='bbox 258 1175 381 1232; x_wconf 88' lang='lat' dir='ltr'><strong>amore,</strong></span> <span class='ocrx_word' id='word_1_79' title='bbox 411 1162 444 1218; x_wconf 90' lang='lat' dir='ltr'><strong>et</strong></span> <span class='ocrx_word' id='word_1_80' title='bbox 464 1175 528 1238; x_wconf 75' lang='lat' dir='ltr'><strong>per,</strong></span> <span class='ocrx_word' id='word_1_81' title='bbox 543 1174 651 1218; x_wconf 90' lang='lat' dir='ltr'><strong>rerum</strong></span> <span class='ocrx_word' id='word_1_82' title='bbox 679 1152 858 1217; x_wconf 88' lang='lat' dir='ltr'><strong>divinarum</strong></span> <span class='ocrx_word' id='word_1_83' title='bbox 881 1155 1077 1240; x_wconf 79' lang='lat' dir='ltr'><strong>contempla·</strong></span> 
     </span>
     <span class='ocr_line' id='line_1_13' title="bbox 57 1236 1078 1322; baseline -0.001 -18"><span class='ocrx_word' id='word_1_84' title='bbox 57 1239 177 1312; x_wconf 83' lang='lat' dir='ltr'><strong>tionem</strong></span> <span class='ocrx_word' id='word_1_85' title='bbox 204 1239 246 1304; x_wconf 90' lang='lat' dir='ltr'><strong>ad</strong></span> <span class='ocrx_word' id='word_1_86' title='bbox 274 1236 477 1303; x_wconf 88' lang='lat' dir='ltr'><strong>beatissimae</strong></span> <span class='ocrx_word' id='word_1_87' title='bbox 502 1236 741 1322; x_wconf 76' lang='lat' dir='ltr'><strong>tranquillitatis</strong></span> <span class='ocrx_word' id='word_1_88' title='bbox 768 1237 1078 1322; x_wconf 89' lang='lat' dir='ltr'><strong>limpidissimaeque</strong></span> 
     </span>
     <span class='ocr_line' id='line_1_14' title="bbox 57 1321 1079 1408; baseline -0.002 -20"><span class='ocrx_word' id='word_1_89' title='bbox 57 1322 229 1407; x_wconf 84' lang='lat' dir='ltr'><strong>voluptatis</strong></span> <span class='ocrx_word' id='word_1_90' title='bbox 250 1321 391 1387; x_wconf 80' lang='lat' dir='ltr'><strong>fructum</strong></span> <span class='ocrx_word' id='word_1_91' title='bbox 412 1321 609 1408; x_wconf 70' lang='lat' dir='ltr'><strong>perducitur.</strong></span> <span class='ocrx_word' id='word_1_92' title='bbox 638 1321 786 1388; x_wconf 87' lang='lat' dir='ltr'><strong>Pertinet</strong></span> <span class='ocrx_word' id='word_1_93' title='bbox 807 1323 893 1386; x_wconf 91' lang='lat' dir='ltr'><strong>enim</strong></span> <span class='ocrx_word' id='word_1_94' title='bbox 914 1322 1079 1386; x_wconf 91' lang='lat' dir='ltr'><strong>adrerum</strong></span> 
     </span>
     <span class='ocr_line' id='line_1_15' title="bbox 55 1406 1077 1492; baseline -0.002 -19"><span class='ocrx_word' id='word_1_95' title='bbox 55 1407 243 1474; x_wconf 86' lang='lat' dir='ltr'><strong>coelestium</strong></span> <span class='ocrx_word' id='word_1_96' title='bbox 256 1406 496 1472; x_wconf 77' lang='lat' dir='ltr'><strong>meditationem</strong></span> <span class='ocrx_word' id='word_1_97' title='bbox 510 1417 608 1492; x_wconf 91' lang='lat' dir='ltr'><strong>atque</strong></span> <span class='ocrx_word' id='word_1_98' title='bbox 622 1406 876 1485; x_wconf 81' lang='lat' dir='ltr'><strong>admirationem,</strong></span> <span class='ocrx_word' id='word_1_99' title='bbox 891 1428 974 1490; x_wconf 91' lang='lat' dir='ltr'><strong>quae</strong></span> <span class='ocrx_word' id='word_1_100' title='bbox 985 1426 1077 1473; x_wconf 86' lang='lat' dir='ltr'><strong>men·</strong></span> 
     </span>
     <span class='ocr_line' id='line_1_16' title="bbox 56 1490 1083 1578; baseline -0.001 -20"><span class='ocrx_word' id='word_1_101' title='bbox 56 1502 121 1558; x_wconf 86' lang='lat' dir='ltr'><strong>tem</strong></span> <span class='ocrx_word' id='word_1_102' title='bbox 141 1513 289 1557; x_wconf 84' lang='lat' dir='ltr'><strong>ararum</strong></span> <span class='ocrx_word' id='word_1_103' title='bbox 319 1491 380 1557; x_wconf 88' lang='lat' dir='ltr'><strong>sub</strong></span> <span class='ocrx_word' id='word_1_104' title='bbox 402 1513 515 1556; x_wconf 86' lang='lat' dir='ltr'><strong>sensus</strong></span> <span class='ocrx_word' id='word_1_105' title='bbox 537 1490 721 1557; x_wconf 90' lang='lat' dir='ltr'><strong>cadentium</strong></span> <span class='ocrx_word' id='word_1_106' title='bbox 743 1492 942 1578; x_wconf 82' lang='lat' dir='ltr'><strong>spectatione</strong></span> <span class='ocrx_word' id='word_1_107' title='bbox 962 1502 1083 1565; x_wconf 60' lang='lat' dir='ltr'><strong>avocat,</strong></span> 
     </span>
     <span class='ocr_line' id='line_1_17' title="bbox 56 1574 1078 1661; baseline -0.002 -19"><span class='ocrx_word' id='word_1_108' title='bbox 56 1586 286 1659; x_wconf 78' lang='lat' dir='ltr'><strong>avocatamque</strong></span> <span class='ocrx_word' id='word_1_109' title='bbox 317 1575 360 1640; x_wconf 92' lang='lat' dir='ltr'><strong>ad</strong></span> <span class='ocrx_word' id='word_1_110' title='bbox 392 1574 558 1640; x_wconf 85' lang='lat' dir='ltr'><strong>absolutae</strong></span> <span class='ocrx_word' id='word_1_111' title='bbox 589 1576 815 1660; x_wconf 84' lang='lat' dir='ltr'><strong>perfectaeque</strong></span> <span class='ocrx_word' id='word_1_112' title='bbox 834 1576 1078 1661; x_wconf 71' lang='lat' dir='ltr'><strong>¹pulcritudinis</strong></span> 
     </span>
     <span class='ocr_line' id='line_1_18' title="bbox 56 1657 1077 1745; baseline -0.001 -19"><span class='ocrx_word' id='word_1_113' title='bbox 56 1660 359 1745; x_wconf 87' lang='lat' dir='ltr'><strong>contemplationem</strong></span> <span class='ocrx_word' id='word_1_114' title='bbox 380 1657 547 1736; x_wconf 89' lang='lat' dir='ltr'><strong>convertit,</strong></span> <span class='ocrx_word' id='word_1_115' title='bbox 569 1679 634 1741; x_wconf 91' lang='lat' dir='ltr'><strong>quo</strong></span> <span class='ocrx_word' id='word_1_116' title='bbox 654 1660 726 1743; x_wconf 86' lang='lat' dir='ltr'><strong>ipso</strong></span> <span class='ocrx_word' id='word_1_117' title='bbox 747 1659 783 1722; x_wconf 92' lang='lat' dir='ltr'><strong>id</strong></span> <span class='ocrx_word' id='word_1_118' title='bbox 804 1659 952 1737; x_wconf 86' lang='lat' dir='ltr'><strong>efficitur,</strong></span> <span class='ocrx_word' id='word_1_119' title='bbox 974 1670 1011 1723; x_wconf 92' lang='lat' dir='ltr'><strong>ut</strong></span> <span class='ocrx_word' id='word_1_120' title='bbox 1025 1682 1077 1725; x_wconf 87' lang='lat' dir='ltr'><strong>se·</strong></span> 
     </span>
     <span class='ocr_line' id='line_1_19' title="bbox 57 1743 1078 1829; baseline 0.001 -20"><span class='ocrx_word' id='word_1_121' title='bbox 57 1745 134 1809; x_wconf 86' lang='lat' dir='ltr'><strong>data</strong></span> <span class='ocrx_word' id='word_1_122' title='bbox 149 1766 258 1809; x_wconf 85' lang='lat' dir='ltr'><strong>rerum</strong></span> <span class='ocrx_word' id='word_1_123' title='bbox 273 1743 471 1808; x_wconf 85' lang='lat' dir='ltr'><strong>terrestrium</strong></span> <span class='ocrx_word' id='word_1_124' title='bbox 491 1753 588 1826; x_wconf 89' lang='lat' dir='ltr'><strong>atque</strong></span> <span class='ocrx_word' id='word_1_125' title='bbox 608 1765 764 1807; x_wconf 83' lang='lat' dir='ltr'><strong>vanarum</strong></span> <span class='ocrx_word' id='word_1_126' title='bbox 785 1743 963 1829; x_wconf 87' lang='lat' dir='ltr'><strong>eupiditate</strong></span> <span class='ocrx_word' id='word_1_127' title='bbox 983 1744 1078 1810; x_wconf 85' lang='lat' dir='ltr'><strong>unice</strong></span> 
     </span>
     <span class='ocr_line' id='line_1_20' title="bbox 56 1825 1078 1912; baseline 0.001 -20"><span class='ocrx_word' id='word_1_128' title='bbox 56 1828 92 1894; x_wconf 91' lang='lat' dir='ltr'><strong>in</strong></span> <span class='ocrx_word' id='word_1_129' title='bbox 113 1827 240 1894; x_wconf 80' lang='lat' dir='ltr'><strong>virtutis</strong></span> <span class='ocrx_word' id='word_1_130' title='bbox 262 1837 296 1892; x_wconf 92' lang='lat' dir='ltr'><strong>et</strong></span> <span class='ocrx_word' id='word_1_131' title='bbox 317 1825 494 1912; x_wconf 85' lang='lat' dir='ltr'><strong>sapientiae</strong></span> <span class='ocrx_word' id='word_1_132' title='bbox 515 1826 725 1891; x_wconf 83' lang='lat' dir='ltr'><strong>admiratione</strong></span> <span class='ocrx_word' id='word_1_133' title='bbox 747 1837 779 1891; x_wconf 88' lang='lat' dir='ltr'><strong>et</strong></span> <span class='ocrx_word' id='word_1_134' title='bbox 795 1827 978 1912; x_wconf 83' lang='lat' dir='ltr'><strong>cognitione</strong></span> <span class='ocrx_word' id='word_1_135' title='bbox 1000 1849 1078 1893; x_wconf 90' lang='lat' dir='ltr'><strong>con·</strong></span> 
     </span>
     <span class='ocr_line' id='line_1_21' title="bbox 80 1911 812 1979; baseline -0.001 -2"><span class='ocrx_word' id='word_1_136' title='bbox 80 1911 214 1979; x_wconf 79' lang='lat' dir='ltr'><strong>uiescat</strong></span> <span class='ocrx_word' id='word_1_137' title='bbox 807 1945 812 1951; x_wconf 91' lang='lat'>·</span> 
     </span>
    </p>

    <p class='ocr_par' dir='ltr' id='par_1_5' title="bbox 27 1935 1193 4109">
     <span class='ocr_line' id='line_1_22' title="bbox 58 1935 1079 2083; baseline -0.001 -22"><span class='ocrx_word' id='word_1_138' title='bbox 58 1935 233 2083; x_wconf 77' lang='lat' dir='ltr'><strong>unippe</strong></span> <span class='ocrx_word' id='word_1_139' title='bbox 254 2015 350 2061; x_wconf 56' lang='lat' dir='ltr'><strong>*amor</strong></span> <span class='ocrx_word' id='word_1_140' title='bbox 375 1994 521 2061; x_wconf 88' lang='lat' dir='ltr'><strong>Platonis</strong></span> <span class='ocrx_word' id='word_1_141' title='bbox 553 1994 680 2060; x_wconf 91' lang='lat' dir='ltr'><strong>omnino</strong></span> <span class='ocrx_word' id='word_1_142' title='bbox 714 1994 844 2078; x_wconf 87' lang='lat' dir='ltr'><strong>quidem</strong></span> <span class='ocrx_word' id='word_1_143' title='bbox 876 1992 957 2059; x_wconf 90' lang='lat' dir='ltr'><strong>nihil</strong></span> <span class='ocrx_word' id='word_1_144' title='bbox 989 1993 1079 2060; x_wconf 90' lang='lat' dir='ltr'><strong>aliud</strong></span> 
     </span>
     <span class='ocr_line' id='line_1_23' title="bbox 56 2078 1078 2167; baseline -0.004 -19"><span class='ocrx_word' id='word_1_145' title='bbox 56 2092 106 2148; x_wconf 90' lang='lat' dir='ltr'><strong>est</strong></span> <span class='ocrx_word' id='word_1_146' title='bbox 125 2104 223 2167; x_wconf 88' lang='lat' dir='ltr'><strong>quam</strong></span> <span class='ocrx_word' id='word_1_147' title='bbox 245 2081 406 2145; x_wconf 90' lang='lat' dir='ltr'><strong>infinitum</strong></span> <span class='ocrx_word' id='word_1_148' title='bbox 432 2079 513 2145; x_wconf 92' lang='lat' dir='ltr'><strong>illud</strong></span> <span class='ocrx_word' id='word_1_149' title='bbox 538 2079 636 2144; x_wconf 90' lang='lat' dir='ltr'><strong>animi</strong></span> <span class='ocrx_word' id='word_1_150' title='bbox 664 2079 844 2164; x_wconf 91' lang='lat' dir='ltr'><strong>mentisque</strong></span> <span class='ocrx_word' id='word_1_151' title='bbox 871 2078 1078 2158; x_wconf 89' lang='lat' dir='ltr'><strong>desiderium,</strong></span> 
     </span>
     <span class='ocr_line' id='line_1_24' title="bbox 56 2162 1077 2312; baseline 0 -82"><span class='ocrx_word' id='word_1_152' title='bbox 56 2166 198 2230; x_wconf 87' lang='lat' dir='ltr'><strong>humano</strong></span> <span class='ocrx_word' id='word_1_153' title='bbox 211 2164 324 2252; x_wconf 81' lang='lat' dir='ltr'><strong>generi</strong></span> <span class='ocrx_word' id='word_1_154' title='bbox 339 2164 495 2230; x_wconf 86' lang='lat' dir='ltr'><strong>divinitus</strong></span> <span class='ocrx_word' id='word_1_155' title='bbox 508 2162 745 2312; x_wconf 50' lang='lat' dir='ltr'><strong>inpeneratum,</strong></span> <span class='ocrx_word' id='word_1_156' title='bbox 760 2186 824 2248; x_wconf 90' lang='lat' dir='ltr'><strong>quo</strong></span> <span class='ocrx_word' id='word_1_157' title='bbox 838 2163 994 2243; x_wconf 90' lang='lat' dir='ltr'><strong>hemines,</strong></span> <span class='ocrx_word' id='word_1_158' title='bbox 1012 2165 1077 2230; x_wconf 88' lang='lat' dir='ltr'><strong>cel-</strong></span> 
     </span>
     <span class='ocr_line' id='line_1_25' title="bbox 57 2248 1123 2335; baseline 0 -20"><span class='ocrx_word' id='word_1_159' title='bbox 57 2250 152 2315; x_wconf 89' lang='lat' dir='ltr'><strong>sioris</strong></span> <span class='ocrx_word' id='word_1_160' title='bbox 161 2249 351 2335; x_wconf 88' lang='lat' dir='ltr'><strong>praesertim</strong></span> <span class='ocrx_word' id='word_1_161' title='bbox 364 2248 494 2326; x_wconf 90' lang='lat' dir='ltr'><strong>indolis,</strong></span> <span class='ocrx_word' id='word_1_162' title='bbox 516 2272 535 2313; x_wconf 92' lang='lat' dir='ltr'><strong>a</strong></span> <span class='ocrx_word' id='word_1_163' title='bbox 573 2249 756 2314; x_wconf 87' lang='lat' dir='ltr'><strong>divinarum</strong></span> <span class='ocrx_word' id='word_1_164' title='bbox 769 2271 877 2313; x_wconf 89' lang='lat' dir='ltr'><strong>rerum</strong></span> <span class='ocrx_word' id='word_1_165' title='bbox 894 2251 1077 2328; x_wconf 85' lang='lat' dir='ltr'><strong>veritatem,</strong></span> <span class='ocrx_word' id='word_1_166' title='bbox 1117 2300 1123 2307; x_wconf 76' lang='lat'><em>,</em></span> 
     </span>
     <span class='ocr_line' id='line_1_26' title="bbox 55 2332 1079 2420; baseline 0 -21"><span class='ocrx_word' id='word_1_167' title='bbox 55 2334 212 2400; x_wconf 84' lang='lat' dir='ltr'><strong>ineffabili</strong></span> <span class='ocrx_word' id='word_1_168' title='bbox 234 2333 460 2420; x_wconf 82' lang='lat' dir='ltr'><strong>pulcritudinis</strong></span> <span class='ocrx_word' id='word_1_169' title='bbox 476 2332 648 2419; x_wconf 89' lang='lat' dir='ltr'><strong>splendore</strong></span> <span class='ocrx_word' id='word_1_170' title='bbox 662 2333 851 2412; x_wconf 89' lang='lat' dir='ltr'><strong>radiantem,</strong></span> <span class='ocrx_word' id='word_1_171' title='bbox 874 2334 936 2399; x_wconf 89' lang='lat' dir='ltr'><strong>hoe</strong></span> <span class='ocrx_word' id='word_1_172' title='bbox 957 2344 1017 2413; x_wconf 88' lang='lat' dir='ltr'><strong>est,</strong></span> <span class='ocrx_word' id='word_1_173' title='bbox 1040 2346 1079 2400; x_wconf 91' lang='lat' dir='ltr'><strong>ut</strong></span> 
     </span>
     <span class='ocr_line' id='line_1_27' title="bbox 56 2417 1079 2505; baseline 0.001 -22"><span class='ocrx_word' id='word_1_174' title='bbox 56 2441 117 2485; x_wconf 89' lang='lat' dir='ltr'><strong>nos</strong></span> <span class='ocrx_word' id='word_1_175' title='bbox 137 2418 397 2505; x_wconf 90' lang='lat' dir='ltr'><strong>interpretamur,</strong></span> <span class='ocrx_word' id='word_1_176' title='bbox 426 2417 549 2485; x_wconf 88' lang='lat' dir='ltr'><strong>animos</strong></span> <span class='ocrx_word' id='word_1_177' title='bbox 579 2440 637 2482; x_wconf 90' lang='lat' dir='ltr'><strong>sua</strong></span> <span class='ocrx_word' id='word_1_178' title='bbox 663 2418 766 2502; x_wconf 88' lang='lat' dir='ltr'><strong>ipsius</strong></span> <span class='ocrx_word' id='word_1_179' title='bbox 788 2419 957 2483; x_wconf 88' lang='lat' dir='ltr'><strong>maiestate</strong></span> <span class='ocrx_word' id='word_1_180' title='bbox 980 2431 1079 2502; x_wconf 87' lang='lat' dir='ltr'><strong>atque</strong></span> 
     </span>
     <span class='ocr_line' id='line_1_28' title="bbox 58 2501 1076 2592; baseline -0.001 -24"><span class='ocrx_word' id='word_1_181' title='bbox 58 2503 216 2592; x_wconf 80' lang='lat' dir='ltr'><strong>dignitate</strong></span> <span class='ocrx_word' id='word_1_182' title='bbox 238 2503 354 2568; x_wconf 92' lang='lat' dir='ltr'><strong>mirum</strong></span> <span class='ocrx_word' id='word_1_183' title='bbox 374 2512 532 2587; x_wconf 89' lang='lat' dir='ltr'><strong>quantum</strong></span> <span class='ocrx_word' id='word_1_184' title='bbox 553 2501 766 2567; x_wconf 90' lang='lat' dir='ltr'><strong>oblectantem</strong></span> <span class='ocrx_word' id='word_1_185' title='bbox 795 2512 826 2567; x_wconf 91' lang='lat' dir='ltr'><strong>et</strong></span> <span class='ocrx_word' id='word_1_186' title='bbox 853 2503 1076 2582; x_wconf 90' lang='lat' dir='ltr'><strong>delenientem,</strong></span> 
     </span>
     <span class='ocr_line' id='line_1_29' title="bbox 57 2587 1078 2678; baseline -0.001 -25"><span class='ocrx_word' id='word_1_187' title='bbox 57 2611 121 2654; x_wconf 89' lang='lat' dir='ltr'><strong>non</strong></span> <span class='ocrx_word' id='word_1_188' title='bbox 136 2589 230 2654; x_wconf 90' lang='lat' dir='ltr'><strong>modo</strong></span> <span class='ocrx_word' id='word_1_189' title='bbox 246 2587 501 2678; x_wconf 86' lang='lat' dir='ltr'><strong>cognoscendam</strong></span> <span class='ocrx_word' id='word_1_190' title='bbox 515 2597 610 2671; x_wconf 88' lang='lat' dir='ltr'><strong>atque</strong></span> <span class='ocrx_word' id='word_1_191' title='bbox 625 2588 879 2673; x_wconf 88' lang='lat' dir='ltr'><strong>amplexandam,</strong></span> <span class='ocrx_word' id='word_1_192' title='bbox 903 2587 960 2653; x_wconf 89' lang='lat' dir='ltr'><strong>sed</strong></span> <span class='ocrx_word' id='word_1_193' title='bbox 980 2588 1078 2652; x_wconf 90' lang='lat' dir='ltr'><strong>etiam</strong></span> 
     </span>
     <span class='ocr_line' id='line_1_30' title="bbox 56 2672 1193 2761; baseline 0 -25"><span class='ocrx_word' id='word_1_194' title='bbox 56 2672 152 2739; x_wconf 83' lang='lat' dir='ltr'><strong>latius</strong></span> <span class='ocrx_word' id='word_1_195' title='bbox 173 2696 275 2761; x_wconf 89' lang='lat' dir='ltr'><strong>propa</strong></span> <span class='ocrx_word' id='word_1_196' title='bbox 299 2673 416 2738; x_wconf 88' lang='lat' dir='ltr'><strong>andam</strong></span> <span class='ocrx_word' id='word_1_197' title='bbox 438 2683 471 2738; x_wconf 91' lang='lat' dir='ltr'><strong>et</strong></span> <span class='ocrx_word' id='word_1_198' title='bbox 492 2694 566 2737; x_wconf 90' lang='lat' dir='ltr'><strong>cum</strong></span> <span class='ocrx_word' id='word_1_199' title='bbox 586 2672 770 2738; x_wconf 87' lang='lat' dir='ltr'><strong>hominibus</strong></span> <span class='ocrx_word' id='word_1_200' title='bbox 792 2695 883 2760; x_wconf 91' lang='lat' dir='ltr'><strong>spem</strong></span> <span class='ocrx_word' id='word_1_201' title='bbox 899 2673 1079 2759; x_wconf 90' lang='lat' dir='ltr'><strong>sapientiae</strong></span> <span class='ocrx_word' id='word_1_202' title='bbox 1155 2741 1157 2744; x_wconf 69' lang='grc'><strong>,</strong></span> <span class='ocrx_word' id='word_1_203' title='bbox 1189 2738 1193 2747; x_wconf 72' lang='grc'><em>,</em></span> 
     </span>
     <span class='ocr_line' id='line_1_31' title="bbox 56 2697 1076 2907; baseline 0 -85"><span class='ocrx_word' id='word_1_204' title='bbox 56 2759 117 2907; x_wconf 68' lang='lat' dir='ltr'><strong>pro</strong></span> <span class='ocrx_word' id='word_1_205' title='bbox 139 2758 250 2824; x_wconf 84' lang='lat' dir='ltr'><strong>futuro</strong></span> <span class='ocrx_word' id='word_1_206' title='bbox 271 2697 474 2836; x_wconf 59' lang='lat' dir='ltr'><strong>iacientibus,</strong></span> <span class='ocrx_word' id='word_1_207' title='bbox 496 2757 528 2822; x_wconf 92' lang='lat' dir='ltr'><strong>h.</strong></span> <span class='ocrx_word' id='word_1_208' title='bbox 551 2779 579 2822; x_wconf 92' lang='lat' dir='ltr'><strong>e.</strong></span> <span class='ocrx_word' id='word_1_209' title='bbox 600 2757 745 2845; x_wconf 89' lang='lat' dir='ltr'><strong>inprimis</strong></span> <span class='ocrx_word' id='word_1_210' title='bbox 768 2779 846 2823; x_wconf 88' lang='lat' dir='ltr'><strong>cum·</strong></span> <span class='ocrx_word' id='word_1_211' title='bbox 863 2757 1076 2824; x_wconf 86' lang='lat' dir='ltr'><strong>adolescenti·</strong></span> 
     </span>
     <span class='ocr_line' id='line_1_32' title="bbox 79 2841 1076 2926; baseline 0 -20"><span class='ocrx_word' id='word_1_212' title='bbox 79 2865 119 2908; x_wconf 92' lang='lat' dir='ltr'><strong>us</strong></span> <span class='ocrx_word' id='word_1_213' title='bbox 139 2842 393 2920; x_wconf 75' lang='lat' dir='ltr'><strong>bonae-indolis,</strong></span> <span class='ocrx_word' id='word_1_214' title='bbox 415 2841 713 2908; x_wconf 87' lang='lat' dir='ltr'><strong>communicandam</strong></span> <span class='ocrx_word' id='word_1_215' title='bbox 734 2842 843 2907; x_wconf 89' lang='lat' dir='ltr'><strong>nativo</strong></span> <span class='ocrx_word' id='word_1_216' title='bbox 861 2842 1002 2926; x_wconf 90' lang='lat' dir='ltr'><strong>quodam</strong></span> <span class='ocrx_word' id='word_1_217' title='bbox 1014 2843 1076 2906; x_wconf 88' lang='lat' dir='ltr'><strong>im-</strong></span> 
     </span>
     <span class='ocr_line' id='line_1_33' title="bbox 81 2927 1076 3012; baseline -0.003 -21"><span class='ocrx_word' id='word_1_218' title='bbox 81 2937 137 2991; x_wconf 90' lang='lat' dir='ltr'><strong>etu</strong></span> <span class='ocrx_word' id='word_1_219' title='bbox 157 2948 260 3009; x_wconf 92' lang='lat' dir='ltr'><strong>usque</strong></span> <span class='ocrx_word' id='word_1_220' title='bbox 279 2927 489 3012; x_wconf 87' lang='lat' dir='ltr'><strong>impelluntur</strong></span> <span class='ocrx_word' id='word_1_221' title='bbox 508 2948 546 2991; x_wconf 91' lang='lat' dir='ltr'><strong>ac</strong></span> <span class='ocrx_word' id='word_1_222' title='bbox 567 2927 668 2992; x_wconf 85' lang='lat' dir='ltr'><strong>veluti</strong></span> <span class='ocrx_word' id='word_1_223' title='bbox 689 2928 842 2993; x_wconf 82' lang='lat' dir='ltr'><strong>amatorio</strong></span> <span class='ocrx_word' id='word_1_224' title='bbox 864 2927 1002 3010; x_wconf 89' lang='lat' dir='ltr'><strong>quodam</strong></span> <span class='ocrx_word' id='word_1_225' title='bbox 1023 2948 1076 2990; x_wconf 86' lang='lat' dir='ltr'><strong>ar-</strong></span> 
     </span>
     <span class='ocr_line' id='line_1_34' title="bbox 56 2950 1078 3094; baseline 0 -20"><span class='ocrx_word' id='word_1_226' title='bbox 56 2950 136 3074; x_wconf 76' lang='lat' dir='ltr'><strong>dore</strong></span> <span class='ocrx_word' id='word_1_227' title='bbox 157 3008 370 3094; x_wconf 86' lang='lat' dir='ltr'><strong>abripiuntur.</strong></span> <span class='ocrx_word' id='word_1_228' title='bbox 406 3009 539 3074; x_wconf 83' lang='lat' dir='ltr'><strong>Etenim</strong></span> <span class='ocrx_word' id='word_1_229' title='bbox 566 3009 652 3092; x_wconf 77' lang='lat' dir='ltr'><strong>quod</strong></span> <span class='ocrx_word' id='word_1_230' title='bbox 677 3010 748 3074; x_wconf 92' lang='lat' dir='ltr'><strong>fieri</strong></span> <span class='ocrx_word' id='word_1_231' title='bbox 775 3010 894 3074; x_wconf 89' lang='lat' dir='ltr'><strong>assolet</strong></span> <span class='ocrx_word' id='word_1_232' title='bbox 914 3009 949 3073; x_wconf 92' lang='lat' dir='ltr'><strong>in</strong></span> <span class='ocrx_word' id='word_1_233' title='bbox 970 3031 1078 3074; x_wconf 90' lang='lat' dir='ltr'><strong>amore</strong></span> 
     </span>
     <span class='ocr_line' id='line_1_35' title="bbox 57 3093 1078 3193; baseline -0.001 -34"><span class='ocrx_word' id='word_1_234' title='bbox 57 3114 239 3193; x_wconf 88' lang='lat' dir='ltr'><strong>corporum,</strong></span> <span class='ocrx_word' id='word_1_235' title='bbox 261 3103 299 3157; x_wconf 92' lang='lat' dir='ltr'><strong>ut</strong></span> <span class='ocrx_word' id='word_1_236' title='bbox 318 3114 418 3176; x_wconf 91' lang='lat' dir='ltr'><strong>quum</strong></span> <span class='ocrx_word' id='word_1_237' title='bbox 439 3094 575 3157; x_wconf 88' lang='lat' dir='ltr'><strong>affectus</strong></span> <span class='ocrx_word' id='word_1_238' title='bbox 589 3093 714 3158; x_wconf 87' lang='lat' dir='ltr'><strong>amoris</strong></span> <span class='ocrx_word' id='word_1_239' title='bbox 729 3093 836 3177; x_wconf 90' lang='lat' dir='ltr'><strong>specie</strong></span> <span class='ocrx_word' id='word_1_240' title='bbox 852 3093 1078 3178; x_wconf 88' lang='lat' dir='ltr'><strong>pulcritudinis</strong></span> 
     </span>
     <span class='ocr_line' id='line_1_36' title="bbox 56 3176 1076 3266; baseline 0.002 -24"><span class='ocrx_word' id='word_1_241' title='bbox 56 3179 92 3243; x_wconf 91' lang='lat' dir='ltr'><strong>in</strong></span> <span class='ocrx_word' id='word_1_242' title='bbox 113 3177 177 3243; x_wconf 85' lang='lat' dir='ltr'><strong>rllis</strong></span> <span class='ocrx_word' id='word_1_243' title='bbox 199 3176 348 3242; x_wconf 89' lang='lat' dir='ltr'><strong>enitentis</strong></span> <span class='ocrx_word' id='word_1_244' title='bbox 368 3187 536 3242; x_wconf 89' lang='lat' dir='ltr'><strong>moveatur</strong></span> <span class='ocrx_word' id='word_1_245' title='bbox 557 3187 591 3241; x_wconf 91' lang='lat' dir='ltr'><strong>et</strong></span> <span class='ocrx_word' id='word_1_246' title='bbox 612 3177 777 3256; x_wconf 87' lang='lat' dir='ltr'><strong>excitetur,</strong></span> <span class='ocrx_word' id='word_1_247' title='bbox 809 3187 877 3241; x_wconf 88' lang='lat' dir='ltr'><strong>tum</strong></span> <span class='ocrx_word' id='word_1_248' title='bbox 898 3178 996 3242; x_wconf 89' lang='lat' dir='ltr'><strong>etiam</strong></span> <span class='ocrx_word' id='word_1_249' title='bbox 1016 3200 1076 3266; x_wconf 81' lang='lat' dir='ltr'><strong>ge-</strong></span> 
     </span>
     <span class='ocr_line' id='line_1_37' title="bbox 27 3260 1076 3349; baseline 0.001 -21"><span class='ocrx_word' id='word_1_250' title='bbox 27 3325 32 3337; x_wconf 64' lang='lat'><em>„</em></span> <span class='ocrx_word' id='word_1_251' title='bbox 56 3261 194 3330; x_wconf 86' lang='lat' dir='ltr'><strong>nerandi</strong></span> <span class='ocrx_word' id='word_1_252' title='bbox 238 3261 425 3345; x_wconf 88' lang='lat' dir='ltr'><strong>ariendique</strong></span> <span class='ocrx_word' id='word_1_253' title='bbox 447 3260 607 3348; x_wconf 88' lang='lat' dir='ltr'><strong>cupiditas</strong></span> <span class='ocrx_word' id='word_1_254' title='bbox 629 3262 804 3340; x_wconf 88' lang='lat' dir='ltr'><strong>exoriatur,</strong></span> <span class='ocrx_word' id='word_1_255' title='bbox 826 3261 911 3326; x_wconf 93' lang='lat' dir='ltr'><strong>idem</strong></span> <span class='ocrx_word' id='word_1_256' title='bbox 933 3262 1076 3349; x_wconf 86' lang='lat' dir='ltr'><strong>philoso-</strong></span> 
     </span>
     <span class='ocr_line' id='line_1_38' title="bbox 57 3284 1081 3434; baseline 0 -20"><span class='ocrx_word' id='word_1_257' title='bbox 57 3348 142 3434; x_wconf 88' lang='lat' dir='ltr'><strong>phus</strong></span> <span class='ocrx_word' id='word_1_258' title='bbox 164 3284 236 3413; x_wconf 75' lang='lat' dir='ltr'><strong>vall</strong></span> <span class='ocrx_word' id='word_1_259' title='bbox 256 3346 351 3412; x_wconf 91' lang='lat' dir='ltr'><strong>etiam</strong></span> <span class='ocrx_word' id='word_1_260' title='bbox 372 3369 481 3411; x_wconf 89' lang='lat' dir='ltr'><strong>rerum</strong></span> <span class='ocrx_word' id='word_1_261' title='bbox 502 3347 681 3416; x_wconf 87' lang='lat' dir='ltr'><strong>divinarum</strong></span> <span class='ocrx_word' id='word_1_262' title='bbox 699 3346 799 3413; x_wconf 90' lang='lat' dir='ltr'><strong>amori</strong></span> <span class='ocrx_word' id='word_1_263' title='bbox 837 3347 979 3433; x_wconf 86' lang='lat' dir='ltr'><strong>roprium</strong></span> <span class='ocrx_word' id='word_1_264' title='bbox 993 3356 1081 3425; x_wconf 75' lang='lat' dir='ltr'><strong>esse,</strong></span> 
     </span>
     <span class='ocr_line' id='line_1_39' title="bbox 59 3428 1075 3582; baseline 0 -85"><span class='ocrx_word' id='word_1_265' title='bbox 59 3453 155 3517; x_wconf 93' lang='lat' dir='ltr'><strong>quem</strong></span> <span class='ocrx_word' id='word_1_266' title='bbox 175 3433 317 3582; x_wconf 83' lang='lat' dir='ltr'><strong>primum</strong></span> <span class='ocrx_word' id='word_1_267' title='bbox 338 3432 468 3515; x_wconf 90' lang='lat' dir='ltr'><strong>quidem</strong></span> <span class='ocrx_word' id='word_1_268' title='bbox 482 3443 591 3498; x_wconf 90' lang='lat' dir='ltr'><strong>censet</strong></span> <span class='ocrx_word' id='word_1_269' title='bbox 603 3428 785 3518; x_wconf 77' lang='lat' dir='ltr'><strong>idearump</strong></span> <span class='ocrx_word' id='word_1_270' title='bbox 821 3433 979 3498; x_wconf 87' lang='lat' dir='ltr'><strong>eritudine</strong></span> <span class='ocrx_word' id='word_1_271' title='bbox 993 3443 1075 3497; x_wconf 85' lang='lat' dir='ltr'><strong>tam-</strong></span> 
     </span>
     <span class='ocr_line' id='line_1_40' title="bbox 58 3516 1077 3603; baseline 0.001 -21"><span class='ocrx_word' id='word_1_272' title='bbox 58 3538 156 3603; x_wconf 88' lang='lat' dir='ltr'><strong>quam</strong></span> <span class='ocrx_word' id='word_1_273' title='bbox 188 3517 285 3582; x_wconf 88' lang='lat' dir='ltr'><strong>emite</strong></span> <span class='ocrx_word' id='word_1_274' title='bbox 307 3516 446 3600; x_wconf 86' lang='lat' dir='ltr'><strong>quodam</strong></span> <span class='ocrx_word' id='word_1_275' title='bbox 467 3516 599 3582; x_wconf 88' lang='lat' dir='ltr'><strong>accendi</strong></span> <span class='ocrx_word' id='word_1_276' title='bbox 620 3526 715 3601; x_wconf 89' lang='lat' dir='ltr'><strong>atque</strong></span> <span class='ocrx_word' id='word_1_277' title='bbox 736 3516 936 3595; x_wconf 88' lang='lat' dir='ltr'><strong>inflammari,</strong></span> <span class='ocrx_word' id='word_1_278' title='bbox 959 3518 1077 3583; x_wconf 91' lang='lat' dir='ltr'><strong>deinde</strong></span> 
     </span>
     <span class='ocr_line' id='line_1_41' title="bbox 59 3592 1075 3687; baseline -0.001 -19"><span class='ocrx_word' id='word_1_279' title='bbox 59 3625 137 3668; x_wconf 89' lang='lat' dir='ltr'><strong>vero</strong></span> <span class='ocrx_word' id='word_1_280' title='bbox 158 3601 311 3667; x_wconf 90' lang='lat' dir='ltr'><strong>etiamid</strong></span> <span class='ocrx_word' id='word_1_281' title='bbox 331 3600 533 3687; x_wconf 86' lang='lat' dir='ltr'><strong>propositum</strong></span> <span class='ocrx_word' id='word_1_282' title='bbox 554 3600 683 3680; x_wconf 91' lang='lat' dir='ltr'><strong>habere,</strong></span> <span class='ocrx_word' id='word_1_283' title='bbox 706 3613 743 3665; x_wconf 92' lang='lat' dir='ltr'><strong>ut</strong></span> <span class='ocrx_word' id='word_1_284' title='bbox 764 3603 830 3666; x_wconf 89' lang='lat' dir='ltr'><strong>vim</strong></span> <span class='ocrx_word' id='word_1_285' title='bbox 852 3592 943 3666; x_wconf 81' lang='lat' dir='ltr'><strong>suain</strong></span> <span class='ocrx_word' id='word_1_286' title='bbox 956 3603 990 3666; x_wconf 93' lang='lat' dir='ltr'><strong>in</strong></span> <span class='ocrx_word' id='word_1_287' title='bbox 1004 3603 1075 3667; x_wconf 83' lang='lat' dir='ltr'><strong>ani-</strong></span> 
     </span>
     <span class='ocr_line' id='line_1_42' title="bbox 57 3684 1077 3774; baseline -0.001 -24"><span class='ocrx_word' id='word_1_288' title='bbox 57 3708 130 3751; x_wconf 89' lang='lat' dir='ltr'><strong>mos</strong></span> <span class='ocrx_word' id='word_1_289' title='bbox 155 3687 290 3752; x_wconf 91' lang='lat' dir='ltr'><strong>aliorum</strong></span> <span class='ocrx_word' id='word_1_290' title='bbox 311 3684 512 3750; x_wconf 86' lang='lat' dir='ltr'><strong>transfundat</strong></span> <span class='ocrx_word' id='word_1_291' title='bbox 531 3684 566 3749; x_wconf 90' lang='lat' dir='ltr'><strong>in</strong></span> <span class='ocrx_word' id='word_1_292' title='bbox 586 3686 690 3770; x_wconf 89' lang='lat' dir='ltr'><strong>iisque</strong></span> <span class='ocrx_word' id='word_1_293' title='bbox 717 3696 879 3771; x_wconf 87' lang='lat' dir='ltr'><strong>tamquam</strong></span> <span class='ocrx_word' id='word_1_294' title='bbox 900 3687 1077 3774; x_wconf 88' lang='lat' dir='ltr'><strong>sapientiae</strong></span> 
     </span>
     <span class='ocr_line' id='line_1_43' title="bbox 58 3769 1150 3857; baseline 0 -24"><span class='ocrx_word' id='word_1_295' title='bbox 58 3771 145 3834; x_wconf 81' lang='lat' dir='ltr'><strong>fetus</strong></span> <span class='ocrx_word' id='word_1_296' title='bbox 165 3780 261 3855; x_wconf 89' lang='lat' dir='ltr'><strong>atque</strong></span> <span class='ocrx_word' id='word_1_297' title='bbox 282 3782 394 3857; x_wconf 88' lang='lat' dir='ltr'><strong>partus</strong></span> <span class='ocrx_word' id='word_1_298' title='bbox 416 3770 545 3836; x_wconf 87' lang='lat' dir='ltr'><strong>efficiat.</strong></span> <span class='ocrx_word' id='word_1_299' title='bbox 582 3769 693 3852; x_wconf 83' lang='lat' dir='ltr'><strong>Quam</strong></span> <span class='ocrx_word' id='word_1_300' title='bbox 713 3771 844 3856; x_wconf 88' lang='lat' dir='ltr'><strong>quidem</strong></span> <span class='ocrx_word' id='word_1_301' title='bbox 866 3771 980 3837; x_wconf 90' lang='lat' dir='ltr'><strong>summi</strong></span> <span class='ocrx_word' id='word_1_302' title='bbox 1001 3770 1075 3855; x_wconf 86' lang='lat' dir='ltr'><strong>phi·</strong></span> <span class='ocrx_word' id='word_1_303' title='bbox 1146 3808 1150 3819; x_wconf 92' lang='lat'><em>·</em></span> 
     </span>
     <span class='ocr_line' id='line_1_44' title="bbox 57 3852 1076 3956; baseline -0.001 -37"><span class='ocrx_word' id='word_1_304' title='bbox 57 3852 183 3952; x_wconf 86' lang='lat' dir='ltr'><strong>loaophi</strong></span> <span class='ocrx_word' id='word_1_305' title='bbox 216 3854 393 3921; x_wconf 89' lang='lat' dir='ltr'><strong>doctrinam</strong></span> <span class='ocrx_word' id='word_1_306' title='bbox 424 3876 620 3956; x_wconf 85' lang='lat' dir='ltr'><strong>magnopere</strong></span> <span class='ocrx_word' id='word_1_307' title='bbox 653 3856 831 3921; x_wconf 88' lang='lat' dir='ltr'><strong>cavendum</strong></span> <span class='ocrx_word' id='word_1_308' title='bbox 865 3865 913 3921; x_wconf 89' lang='lat' dir='ltr'><strong>est</strong></span> <span class='ocrx_word' id='word_1_309' title='bbox 943 3877 985 3920; x_wconf 91' lang='lat' dir='ltr'><strong>ne</strong></span> <span class='ocrx_word' id='word_1_310' title='bbox 1015 3875 1076 3939; x_wconf 91' lang='lat' dir='ltr'><strong>pro</strong></span> 
     </span>
     <span class='ocr_line' id='line_1_45' title="bbox 57 3937 1076 4014; baseline -0.004 -11"><span class='ocrx_word' id='word_1_311' title='bbox 57 3939 147 4005; x_wconf 83' lang='lat' dir='ltr'><strong>inam</strong></span> <span class='ocrx_word' id='word_1_312' title='bbox 161 3938 277 4005; x_wconf 86' lang='lat' dir='ltr'><strong>mentis</strong></span> <span class='ocrx_word' id='word_1_313' title='bbox 292 3939 480 4006; x_wconf 89' lang='lat' dir='ltr'><strong>somniantis</strong></span> <span class='ocrx_word' id='word_1_314' title='bbox 495 3941 703 4007; x_wconf 91' lang='lat' dir='ltr'><strong>dehramento</strong></span> <span class='ocrx_word' id='word_1_315' title='bbox 717 3939 908 4014; x_wconf 86' lang='lat' dir='ltr'><strong>habeamus3</strong></span> <span class='ocrx_word' id='word_1_316' title='bbox 927 3948 976 4002; x_wconf 90' lang='lat' dir='ltr'><strong>est</strong></span> <span class='ocrx_word' id='word_1_317' title='bbox 990 3937 1076 4001; x_wconf 92' lang='lat' dir='ltr'><strong>enim</strong></span> 
     </span>
     <span class='ocr_line' id='line_1_46' title="bbox 57 4020 1076 4109; baseline -0.002 -23"><span class='ocrx_word' id='word_1_318' title='bbox 57 4022 205 4109; x_wconf 89' lang='lat' dir='ltr'><strong>profecto</strong></span> <span class='ocrx_word' id='word_1_319' title='bbox 224 4023 322 4089; x_wconf 86' lang='lat' dir='ltr'><strong>animi</strong></span> <span class='ocrx_word' id='word_1_320' title='bbox 342 4025 474 4090; x_wconf 88' lang='lat' dir='ltr'><strong>humani</strong></span> <span class='ocrx_word' id='word_1_321' title='bbox 495 4035 628 4092; x_wconf 86' lang='lat' dir='ltr'><strong>naturae</strong></span> <span class='ocrx_word' id='word_1_322' title='bbox 650 4026 745 4109; x_wconf 90' lang='lat' dir='ltr'><strong>plane</strong></span> <span class='ocrx_word' id='word_1_323' title='bbox 770 4032 990 4089; x_wconf 88' lang='lat' dir='ltr'><strong>consentanea.</strong></span> <span class='ocrx_word' id='word_1_324' title='bbox 1013 4020 1076 4085; x_wconf 80' lang='lat' dir='ltr'><strong>Et·</strong></span> 
     </span>
    </p>
   </div>
   <div class='ocr_carea' id='block_1_4' title="bbox 857 4114 872 4181">
    <p class='ocr_par' dir='ltr' id='par_1_6' title="bbox 857 4114 872 4181">
     <span class='ocr_line' id='line_1_47' title="bbox 857 4114 872 4181; baseline 0 0"><span class='ocrx_word' id='word_1_325' title='bbox 857 4114 872 4181; x_wconf 97' lang='lat'>†</span> 
     </span>
    </p>
   </div>
   <div class='ocr_carea' id='block_1_5' title="bbox 0 0 1308 4620">
    <p class='ocr_par' dir='ltr' id='par_1_7' title="bbox 0 0 1308 4620">
     <span class='ocr_line' id='line_1_48' title="bbox 0 0 1308 4620; baseline 0 0"><span class='ocrx_word' id='word_1_326' title='bbox 0 0 1308 4620; x_wconf 95' lang='lat' dir='ltr'><strong> </strong></span> 
     </span>
    </p>
   </div>
  </div>
 </body>
</html>
