2604 4620
136 254 201 301 VIII
525 251 793 298 PROLEGOMENA

136 405 242 471 cuisse
264 413 387 471 constat
408 402 619 469 arctissimam
640 426 713 469 cum
732 406 811 470 'vero
830 412 928 488 atque
948 404 1035 475 bono
1049 408 1154 477 inter.

85 480 97 509 ‘
136 490 249 556 cedere
270 488 557 555 necessitudinem?
593 478 660 553 Se'd
681 488 950 589 quemadmodum
976 491 1018 558 de
1045 498 1154 596 operis

136 574 332 662 praestantia
352 584 384 639 et
405 571 576 640 virtutibus
591 583 793 639 consentiunt
806 596 928 653 omnes,
950 577 1007 660 qui
1022 580 1155 663 qurdem

136 659 243 743 aliquo
257 658 360 746 pulcri
374 658 563 743 venustique
579 680 675 723 sensu
688 658 819 745 pollent,
841 658 889 722 ita
904 660 945 725 de
959 676 1154 751 argumento

137 744 207 809 eius
229 754 323 828 atque
343 743 508 831 proposito
529 742 694 808 hominum
715 743 882 808 doctorum
897 749 1074 815 sentcntiae
1096 773 1150 816 ve-

136 827 303 894 hementer
322 829 408 895 inter
429 851 463 894 se
478 827 670 928 discrepant
693 825 841 909 Quorum
854 830 946 895 varia
966 854 1005 898 ac
1025 832 1148 900 diversa
1224 850 1227 862 ·

60 945 63 950 ·
135 912 255 979 iudicia
276 914 427 998 quoniam
447 913 563 1000 partim
582 911 666 977 mfra
681 913 751 978 loco
764 914 996 999 opportuniore
1010 918 1147 985 referen-

136 1010 201 1076 tur,
223 998 342 1084 partim
363 1020 465 1084 nuper
480 1020 497 1063 e
565 996 625 1062 sita
640 1006 747 1062 sunta
761 993 1150 1069 Susemihlio'inPhi·

135 1082 243 1168 lologo
265 1079 503 1148 Schneidewini
558 1081 596 1146 ol.
612 1081 671 1148 VI.
689 1078 787 1148 Fasc.
801 1080 848 1148 H.
889 1085 975 1149 ,177
990 1108 1070 1186 sqq,
1093 1111 1151 1154 no-

136 1165 244 1232 lumus
265 1166 318 1232 hic
339 1167 379 1232 de
400 1167 482 1230 mira
501 1166 564 1230 ista
585 1188 624 1232 ac
643 1188 743 1267 prope
765 1105 945 1235 incredibili
965 1191 1154 1254 opimorum

137 1251 337 1318 dissensione
358 1251 519 1339 explicare
540 1250 711 1337 copiosius.
732 1249 941 1339 Propositum
957 1254 1041 1318 enim
1061 1278 1153 1321 nunc

136 1337 171 1402 id
196 1359 298 1417 unum
324 1345 388 1415 est,
417 1348 455 1401 ut
480 1343 553 1401 ante
580 1336 686 1400 omnia
712 1344 852 1402 nostram
875 1336 1018 1420 ipsorum
1044 1337 1085 1402 de
1111 1361 1150 1404 re

137 1421 277 1487 maxime
293 1430 495 1487 controversa
510 1421 698 1493 sententiam
711 1420 944 1507 patefaciamus.
960 1417 1059 1501 Quod
1074 1421 1147 1506 qui-

138 1507 213 1572 dem
233 1506 281 1570 ita
293 1506 399 1571 facere
415 1505 555 1570 animum
568 1502 765 1584 induximus,
786 1514 822 1570 ut
837 1503 976 1592 primum
991 1526 1150 1572 summam

138 1590 223 1656 dialo
249 1589 395 1677 'paucis
414 1591 598 1668 referamus,
621 1590 736 1656 deinde
756 1611 832 1657 vcro
852 1587 892 1654 dc
913 1588 1026 1676 scripti
1037 1590 1103 1657 fine
1118 1604 1152 1658 et

139 1675 227 1742 eons'
242 1674 272 1740 ὀ
287 1685 497 1761 exponamus.
520 1673 594 1757 Quo
608 1675 690 1741 facto
710 1675 808 1741 etiam
819 1672 860 1740 de
875 1672 946 1739 aliis
958 1672 1154 1759 quibusdam

138 1759 236 1826 rebus
258 1759 498 1826 admonebimus
519 1760 561 1825 ad
582 1759 651 1825 eius
671 1759 809 1826 rationes
826 1758 1043 1826 aestimandas
1057 1769 1089 1826 et
1101 1760 1153 1826 iu·

139 1844 304 1924 dicandas,
331 1855 369 1910 ut
390 1868 565 1951 spersqnus,
594 1844 681 1909 haud
700 1843 869 1909 inutilibus
890 1843 1020 1910 intruis.
1054 1844 1099 1909 Et
1117 1847 1153 1910 in

139 1941 328 2080 affumento
360 1930 498 2014 quidem·
519 1928 594 1994 libri
625 1929 801 2006 enarrando
833 1929 949 1994 ducem
982 1949 1152 2077 solqucmur

192 2013 507 2100 yttenbachium,
530 2014 586 2098 qui
605 2012 688 2078 Bibl.
710 2011 789 2079 Crit.
810 2012 884 2079 Vol.
904 2011 931 2077 I.
951 2010 990 2076 P.
1055 2034 1088 2099 p.
1106 2013 1148 2079 35

140 2121 210 2184 sqq.
230 2098 305 2164 libri
324 2099 492 2164 materiam
512 2099 675 2187 eleganter
694 2097 728 2162 in
749 2097 880 2164 brevius
905 2096 1070 2176 contraxit,
1089 2095 1150 2164 hoc

140 2193 248 2248 tamen
268 2182 412 2249 adhibito
432 2193 693 2269 temperamento,
715 2192 761 2262 ut,
784 2182 812 2248 si
832 2181 912 2268 quid
931 2204 955 2247 a
974 2180 1151 2270 viro—egre·

140 2266 196 2368 gio
215 2268 475 2367 praetermissum
496 2267 546 2347 sit,
568 2268 655 2354 quod
674 2267 835 2333 mentione
849 2266 985 2354 dignum
994 2267 1155 2346 videatur,

140 2352 176 2417 sd
195 2375 266 2418 erus
287 2353 394 2419 verbis
414 2352 642 2420 interseramus
663 2353 715 2418 vel
736 2351 934 2419 adiiciamus.
971 2349 1037 2418 Est
1055 2352 1157 2442 igitur

139 2436 214 2505 libri
236 2461 361 2504 summa
379 2438 470 2506 haec.
940 2458 943 2465 ·

182 2522 284 2607 Ducit
297 2523 526 2610 Apollodorus,
548 2523 603 2608 qui
625 2519 838 2589 familiaribus
857 2521 964 2589 omnia
977 2521 1058 2588 haec
1077 2543 1154 2586 nar-

79 2672 83 2687 ,
140 2629 230 2673 rasse
257 2609 383 2687 dicitur,
410 2609 538 2675 initium
565 2607 756 2674 narrationis
784 2608 826 2673 ab
852 2605 1068 2685 Aristodemo,
1120 2608 1157 2673 ui

141 2689 279 2770 Socrati,
304 2703 432 2792 praeter
459 2693 720 2759 consuetudinem
745 2692 834 2757 lauto
856 2693 1070 2776 calceatoque,
1095 2627 1155 2759 db-

141 2776 227 2841 viam
241 2799 372 2843 vemens
393 2801 467 2844 eum
484 2777 673 2867 interrogat,
693 2777 781 2843 unde
801 2788 867 2843 tam
881 2777 1010 2866 elegans
1022 2787 1157 2864 repente

142 2861 301 2928 exstiterit
311 2861 355 2949 *).
391 2863 447 2928 Ad
468 2862 685 2952 Agathonem,
711 2861 819 2948 inquit
840 2861 1002 2944 Socratas,
1026 2862 1157 2950 profici·

180 3051 208 3119 *l
225 3053 841 3187 ltqllll‘lll‘tlalmullu.
857 3061 937 3177 Ἥ
956 3056 1036 3187 {rt
1046 3055 1159 3174 terr

226 3191 284 3241 libri
301 3192 359 3240 hoc.
376 3191 561 3256 Apollodorus,
578 3191 739 3241 fidelissimus
751 3189 866 3242 Socratis
883 3192 980 3243 amicas
996 3199 1075 3255 atque
1089 3205 1158 3240 asse-

227 3265 308 3308 ctator
326 3256 363 3322 (p.
378 3263 433 3310 173.
444 3259 479 3309 D.
490 3255 544 3322 E.),
566 3260 626 3308 dum
647 3257 816 3309 familiaribus
837 3258 889 3311 suis
909 3265 1053 3311 narraturus
1070 3263 1109 3306 est
1124 3257 1156 3304 dc

228 3326 345 3375 convivio
363 3327 394 3375 ab
412 3327 558 3389 Agathone,
576 3327 667 3376 iuvene
683 3333 760 3390 pocta
776 3327 881 3390 tragico,
897 3333 1000 3392 propter
1014 3322 1153 3380 ricwriam,

228 3407 305 3455 quam
321 3393 404 3456 prima
420 3394 507 3444 fabula
523 3394 550 3443 in
567 3400 694 3444 certamen
717 3395 854 3446 commissa
873 3397 1049 3460 repostam
1072 3402 1154 3451 ‘lm’

229 3460 288 3510 dam
305 3462 440 3523 celebrato,
457 3463 499 3512 cui
516 3477 594 3526 quum
611 3460 684 3511 multi
701 3463 754 3523 alii,
771 3470 827 3513 tam
844 3460 1047 3521 sumersate
1062 3463 1089 3505 et
1105 3455 1154 3506 Al·

230 3527 340 3579 cibiades
361 3529 527 3591 interfuerint,
549 3545 604 3581 sese
627 3529 718 3580 fatetur
740 3531 774 3581 ad
791 3545 848 3581 eam
863 3544 918 3602 rsrq
932 3541 985 3579 non
1001 3525 1156 3603 imparatum

229 3594 270 3645 vol
286 3595 479 3648 inexercitatum
499 3599 627 3648 accedero.
655 3597 723 3648 Nam
745 3613 826 3663 nuper
847 3598 948 3649 demum
968 3594 1004 3642 ita
1025 3592 1155 3651 aceldlsses

229 3672 266 3725 ut,
289 3680 367 3728 quum
384 3681 398 3716 e
414 3667 525 3717 Phalero
541 3667 568 3715 in
585 3667 673 3717 urbem
690 3666 893 3730 proficisceretur,
915 3678 932 3713 a
949 3660 1090 3721 Glaucone,
1112 3662 1157 3724 qui

230 3733 262 3782 ds
278 3733 324 3783 illo
340 3735 457 3783 convivio
475 3734 571 3796 aliquid
588 3751 603 3785 a
619 3735 758 3796 Phoenice,
775 3732 887 3798 Philippi
902 3731 965 3792 lilio,
982 3727 1156 3794 comperisset,
1214 3751 1220 3762 ·

229 3815 261 3850 eo
279 3803 381 3853 nomine
398 3802 564 3864 compellatus
581 3806 697 3866 adeoque
713 3803 795 3853 enixis
811 3806 915 3863 rogatus
931 3798 1047 3864 precibus
1065 3798 1106 3859 sit,
1128 3808 1158 3848 ut

174 3917 176 3920 .
231 3884 332 3920 omnem
353 3886 407 3920 rem
428 3869 573 3930 diligentius
595 3878 741 3936 exponeret.
768 3868 846 3921 uum
862 3867 983 3918 nimirum
1000 3865 1067 3918 falso
1084 3872 1158 3932 puta·

230 3938 303 4000 visse,
321 3946 399 3989 semet
415 3937 499 4000 ipsum
516 3951 618 4000 quoquc
634 3939 715 4004 epulis
732 3939 782 3989 illis
797 3934 859 3987 olim
870 3934 1024 3999 interfuisse,
1042 3936 1158 3999 adeoque

231 4006 394 4068 ignoravisse,
417 4007 485 4067 quod
502 4011 587 4055 tamen
604 4007 631 4055 in
647 4007 738 4071 vulgus
754 4012 843 4056 notum
860 4005 901 4067 sit,
911 4005 1089 4069 'Agathonem
1107 4004 1158 4053 iam

232 4074 326 4125 dudum
349 4073 441 4125 relictis
463 4072 573 4124 Athenis
594 4088 697 4139 peregre
719 4074 812 4128 morari
832 4074 942 4141 ideoque
964 4074 1017 4127 fieri
1038 4087 1091 4126 non
1112 4080 1173 4137 po·
