2604 4620
432 230 502 304 AD
528 226 856 306 PHAEDONEM
1142 238 1165 307 9

148 412 257 498 ganda
269 422 301 475 et
319 411 567 496 contemplanda
582 433 682 497 quum
700 435 853 479 sensuum
867 433 929 498 ope
943 411 1060 489 utitur,
1086 411 1168 477 adeo

147 519 214 561 non
227 495 373 581 pervenit
392 495 519 560 adeius
536 490 763 582 coguitionem,
782 508 819 563 ut
838 496 978 563 maxime
992 493 1165 582 perturbe-

148 591 203 644 tur
216 591 247 645 et
260 580 353 664 quasi
367 579 527 665 vertigine
541 580 751 666 corripiatur3
772 603 871 666 quum
886 592 994 646 autem
1009 602 1044 645 se
1058 602 1079 644 a
1093 602 1166 645 cor-

147 686 226 750 pore
240 664 333 749 quasi
356 673 548 749 segregatus
561 663 596 729 in
611 688 645 730 se
657 666 767 749 ipsum
781 665 918 752 collegit,
939 676 1008 729 tum
1022 686 1099 730 vero
1113 674 1166 728 at·

147 749 244 835 tingit
261 749 477 832 sempiternas
496 747 567 811 illas
590 771 698 813 rerum
726 749 849 832 species
870 759 902 815 et
919 748 1055 826 formas,
1080 770 1165 833 quae

148 833 233 898 solae
257 832 382 897 habent
408 831 553 896 veritatis
577 831 803 917 cognitionem.
831 831 1003 897 Praeterea
1021 832 1163 898 animum

145 916 304 981 habemus
325 915 371 978 im
395 925 552 992 erantem,
576 915 720 1000 corporis
735 915 866 981 servitio
885 915 1019 992 utimur,
1040 916 1164 983 uthina

147 1022 279 1084 quoque
309 998 375 1063 inte
401 998 446 1085 gi
469 999 573 1084 possit
594 1000 685 1065 illum
708 1022 815 1064 rerum
842 999 1034 1084 simplicium
1060 1021 1164 1085 neque

147 1082 319 1148 mutationi
342 1081 552 1148 subiectarum
566 1084 678 1170 generi
691 1106 764 1150 esse
779 1084 915 1150 similem
929 1095 1027 1168 atque
1040 1106 1164 1183 cogna-

151 1178 230 1231 tum.
240 1161 342 1231 iamsi
352 1189 462 1231 verum
473 1178 533 1246 est,
548 1168 794 1256 quoddiximus,
811 1168 967 1256 sequitur,
983 1179 1020 1233 ut
1033 1190 1162 1234 ammus

149 1273 311 1338 nunquam
331 1250 525 1317 dissolvatur
543 1263 576 1318 et
595 1253 748 1333 intereat,
771 1253 829 1320 sed
849 1253 948 1319 etiam
966 1273 1009 1318 ex
1027 1274 1163 1337 corpore

147 1357 296 1422 egressus
311 1335 405 1400 duret
419 1346 453 1402 et
464 1347 593 1402 maneat
616 1338 642 1425 ).

200 1419 316 1484 Abibit
330 1430 454 1499 autem,
478 1421 505 1486 si
525 1422 654 1507 quidem
670 1445 704 1489 se
718 1431 844 1489 castum
857 1442 1041 1507 purumque
1055 1443 1077 1485 a
1090 1442 1163 1487 cor·

143 1503 232 1589 poris
247 1505 438 1590 contagione
453 1507 640 1584 servaverit,
656 1507 809 1573 coelestes
822 1529 988 1592 purasque
1001 1505 1163 1592 regiones,

144 1610 208 1672 quo
233 1599 266 1653 et
290 1611 308 1654 e
330 1611 350 1654 o
374 1612 452 1654 mox
470 1591 670 1689 perveniam,
695 1591 804 1676 ibique
824 1613 943 1669 errore,
968 1588 1163 1676 ignorantie,

143 1611 388 1818 cupiditaqbus,
408 1674 497 1739 vitiis
514 1673 670 1740 liberatus
684 1674 814 1741 beatum
828 1686 861 1740 et
874 1674 1052 1740 immortale
1066 1673 1164 1821 depet

144 1779 271 1820 aevum.
320 1757 355 1820 in
368 1767 493 1834 autem,
511 1759 591 1822 dum
604 1758 689 1823 hanc
702 1759 801 1823 vitam
816 1769 938 1843 ageret,
959 1782 1025 1824 non
1039 1768 1093 1823 stu
1115 1755 1164 1821 uit

145 1862 181 1904 se
196 1862 216 1903 a
231 1838 376 1921 corporis
391 1839 544 1903 societate
555 1840 710 1915 liberare,
725 1841 812 1922 eiqui
824 1841 871 1904 ita
884 1841 1028 1916 indulsit,
1041 1852 1080 1904 ut
1094 1840 1164 1904 eius

144 1921 337 2008 contagione
357 1921 557 2006 pollueretur
575 1932 608 1986 et
620 1920 726 1986 labem
747 1921 963 1998 contraheret,
985 1945 1025 1986 ex
1040 1921 1166 2006 superi-

144 2006 256 2071 oribus
270 2003 460 2091 regionibus
477 2027 538 2089 per
555 2027 742 2090 corpoream
761 2005 826 2070 vim
840 2005 929 2069 humi
944 2005 1119 2090 depressus
1131 2006 1166 2071 in

144 2089 288 2159 tenebris
310 2111 349 2154 ac
370 2089 519 2172 squalore
537 2089 709 2168 volutatur,
732 2090 877 2189 adeoque
892 2090 998 2155 denuo
1012 2090 1165 2177 alligatur

145 2173 354 2238 animantium
368 2172 567 2258 corporibus.
598 2172 692 2255 Quae
708 2196 808 2258 quum
827 2185 875 2239 rte
889 2174 963 2252 siut,
978 2172 1162 2261 philosophi

142 2258 203 2323 hcc
216 2267 266 2322 est
278 2256 429 2335 officium,
443 2268 481 2321 ut
495 2259 613 2344 spretis
627 2259 771 2344 corporis
782 2257 1001 2344 voluptatibus
1015 2258 1158 2324 animum

142 2342 268 2492 dirigqq
290 2352 322 2406 et
352 2353 520 2408 convertat
548 2344 590 2408 ad
621 2365 722 2428 purae
754 2343 962 2427 sinceraeque
995 2342 1159 2420 bonitatis,

141 2427 199 2511 pul
258 2426 391 2491 'tudinis
410 2437 442 2492 et
455 2426 601 2494 veritatis
615 2428 930 2512 contemplationem:
953 2450 1029 2491 nam
1042 2427 1088 2490 ita
1102 2426 1160 2491 de·

140 2535 229 2576 mum
254 2510 284 2574 ei
309 2509 486 2658 contingqt,
512 2521 548 2575 ut
572 2512 614 2576 ad
638 2512 735 2578 deum
759 2512 972 2577 immortalem
993 2509 1161 2595 perveniat

141 2619 208 2660 sem
232 2594 399 2678 iternaque
466 2605 540 2659 atur
553 2596 704 2662 felicitate
719 2606 753 2660 ct
765 2595 986 2679 beatitate“).

114 2724 119 2733 ,
233 2701 290 2743 aec
312 2701 412 2762 quum
432 2676 584 2745 Socrates
603 2680 754 2757 dixisset,
780 2679 976 2765 aliquamdiu
999 2677 1159 2743 silentium

139 2762 210 2842 fuit,
236 2762 469 2847 videbaturque
493 2764 564 2848 ipse
591 2787 698 2830 secum
723 2787 759 2828 re
783 2774 875 2828 utare
893 2774 926 2828 et
945 2763 1095 2827 meditari
1110 2785 1159 2839 ea,

140 2869 224 2932 quae
237 2847 332 2912 modo
346 2847 562 2913 disseruisset.
584 2847 730 2914 Tandem
792 2847 850 2913 bes
861 2859 893 2912 et
905 2844 1058 2912 Simmiae
1070 2869 1159 2911 sum-

139 2931 239 2996 missa
252 2951 337 2996 ¹voce
356 2931 442 2997 inter
462 2953 496 2997 se
516 2932 652 3015 colloqui
665 2942 859 3016 coeperunt.
895 2928 994 3011 Quod
1013 2929 1160 2995 animad-

131 3025 269 3081 .vertens
286 3013 450 3092 Socrates,
465 3015 555 3098 quid,
569 3016 690 3098 inquit,
705 3016 798 3081 vobis
812 3015 938 3078 demea
951 3013 1079 3077 videtur
1093 3013 1161 3076 dis·

141 3099 329 3182 putatione?
355 3120 435 3160 num
456 3098 515 3159 uid
531 3097 626 3161 vobis
645 3120 711 3160 non
732 3097 905 3160 satisfacit?
931 3094 1033 3178 Agite
1053 3095 1163 3177 igitur,

142 3181 171 3245 si
192 3179 271 3263 quid
291 3177 421 3243 habetis
435 3119 661 3255 (dubitationis,
685 3173 785 3243 nolitd
802 3178 882 3243 illud
895 3199 946 3242 me
958 3176 1075 3274 celare,
1099 3197 1163 3260 quo

133 3263 304 3350 possimus
333 3261 545 3327 communiter
559 3262 713 3346 persequi
731 3261 911 3327 institutam
932 3259 1164 3344 deputationis

137 3349 241 3424 viam,
264 3346 435 3430 siquidem
451 3344 542 3410 vobis
556 3344 723 3430 placuerit.
754 3345 838 3410 Tum
855 3342 1024 3421 Simmiae,
1039 3344 1156 3423 dicam,

135 3432 253 3517 inquit,
267 3430 355 3515 quod
364 3453 417 3495 res
428 3440 487 3495 est.
516 3428 648 3495 Etenim
657 3431 722 3495 iam
733 3430 855 3495 dudum
864 3441 1001 3513 uterquc
1012 3439 1157 3493 nostrum

135 3518 272 3581 alterum
287 3513 472 3580 cohortatur
499 3524 532 3579 et
545 3514 689 3601 instigat,
704 3526 742 3579 ut
756 3526 786 3579 te
800 3515 993 3599 interroget:
1008 3535 1159 3580 veremur.

137 3610 256 3683 autem,
269 3621 311 3663 ne
326 3596 385 3662 tibi
399 3599 526 3663 molesti
541 3599 641 3671 simus
652 3609 784 3684 propter
794 3598 1015 3664 imminentem
1025 3596 1156 3663 calami·

138 3695 246 3751 tatem.
273 3683 335 3764 Ille
348 3703 425 3748 vero
439 3681 491 3776 his
506 3682 624 3749 auditis
636 3683 752 3749 leniter
766 3682 948 3761 subridens,
968 3703 1085 3767 papae,
1104 3680 1155 3745 in·

136 3861 263 3871 ψ-
272 3861 333 3868 -—--—·

186 3929 532 3993 qsmnsma

168 4047 524 4114 mema-ma
