2604 4620
186 259 252 322 aaa
562 249 814 315 runronra
1063 239 1074 266 ²
1171 212 1176 217 ’

186 433 242 500 καὶ
269 425 311 510 δὴ
335 429 391 494 καὶ
419 426 513 492 θεῶν
541 429 598 507 ἕδη
623 449 658 492 τε
684 427 740 490 καὶ
779 421 849 511 ἱερὰ
885 423 1003 506 αὐτοῖς
1035 424 1137 505 εἶναι,
1175 437 1212 499 ὲκ

147 585 149 589 .
187 531 237 610 οἷς
263 531 310 614 τῷ
336 521 407 593 ὅντε
434 521 571 606 οἰκητὰς
596 522 702 602 θεοὺς
725 518 826 605 εἶναι,
859 531 915 592 καὶ
949 525 1064 618 φήμας
1090 552 1126 595 τε
1152 535 1210 603 καὶ

185 633 344 719 μαντείας
368 629 424 693 καὶ
450 627 628 707 αἰσθήσεις
651 629 719 692 τῶν
745 628 840 691 θεῶν
866 629 922 693 καὶ
934 628 1109 708 ,τοεαύτας
1133 628 1209 710 ξυν-

135 729 160 791 0
188 734 301 807 ονσίας
334 728 515 813 γίγνεσθαι
552 725 669 803 αὐτοῖς
696 721 781 814 πρὸς
806 723 949 805 αὐτούς*
984 733 1041 796 καὶ
1074 728 1136 797 τόν
1170 756 1206 816 με

188 827 285 912 ἥλιον
317 830 373 896 καὶ
407 824 548 908 σελήνην
581 830 636 894 καὶ
668 822 776 916 ἄστρα
809 823 967 912 ὁρᾶσθαι
1003 827 1062 897 ὑπ’
1093 829 1206 919 αὐτῶν

187 929 242 999 οἷα
269 924 421 1014 τυγχάνει
446 921 549 1006 ὄντα,
582 930 636 992 καὶ
664 922 727 1008 τὴν
752 921 859 1008 ἄλλην
884 925 1103 1017 εὐδαιμονίαν
1127 929 1205 1000 τού-

186 1055 253 1096 των
278 1027 479 1096 ἀκόλουθον
503 1024 597 1094 εἶναι.

263 1125 348 1221 Cap.
373 1123 452 1194 LX.
504 1128 575 1191 Καὶ
600 1123 683 1206 ὅλην
704 1130 769 1212 μὲν
795 1123 835 1209 δὴ
860 1122 923 1209 τὴν
946 1131 1012 1212 γῆν
1035 1125 1123 1197 οὕτω
1148 1155 1204 1199 πε·

186 1233 326 1321 mortuno
359 1230 415 1294 καὶ
448 1223 491 1292 τοὶ
531 1229 604 1312 περὶ
628 1223 692 1307 τὴν
717 1231 799 1311 γῆν·
833 1226 960 1306 τόπονς
983 1223 1018 1295 δ’
1054 1237 1092 1294 εν
1116 1230 1203 1323 αὐτῇ

186 1326 271 1396 εἶναι
295 1324 382 1396 κατὰ
408 1324 451 1392 τὰ
476 1329 607 1411 tyrroda
642 1322 747 1408 αὐτῆς
780 1323 888 1412 κύκλῳ
913 1328 985 1414 περὶ
1009 1322 1092 1407 ὅλην
1118 1334 1202 1394 πολ-

186 1426 276 1506 λούς,
303 1424 381 1505 τούς
401 1430 462 1511 μὲν
486 1430 699 1511 βαθυτέρους
726 1431 780 1494 καὶ
804 1425 1096 1510 ἀναπεπταμένους
1112 1430 1199 1511 μᾶλ-

186 1531 246 1596 λον
272 1522 294 1608 ἢ
319 1534 355 1594 ὲν
381 1517 407 1611 ᾧ
433 1523 526 1612 ἡμεῖς
553 1529 716 1612 οἰκοῦμεν,
742 1523 823 1605 τοὺς
848 1531 883 1593 δὲ
908 1529 1118 1614 βαθυτέρονς
1143 1521 1201 1592 ὅν-

187 1653 247 1706 τας
282 1622 320 1694 τὸ
344 1624 457 1713 χάσμα
483 1623 610 1704 αὐτοὺς
644 1631 782 1695 ἔλαττον
808 1632 890 1712 ἔχειν
916 1631 978 1696 τοῦ
1004 1625 1083 1716 παρ’
1104 1623 1202 1714 -ἡμῖν

254 1895 340 1958 θεῶν
364 1889 419 1958 idn
442 1908 475 1941 τε
500 1888 555 1941 καὶ
572 1888 660 1958 ἱερὰ]
685 1891 731 1943 Sic
749 1891 813 1946 Veu.
831 1893 865 1942 A.
886 1892 947 1943 Par.
968 1891 1116 1946 cmiii..
1133 1892 1204 1963 Fior.

186 1975 210 2014 a.
235 1959 261 2011 b.
284 1976 307 2014 ο.
335 1961 352 2012 i.
370 1976 404 2012 m.
430 1962 496 2024 nug.
520 1966 547 2010 et
568 1975 650 2025 marg.
679 1959 743 2015 Ven.
767 1962 795 2012 Ξ.
832 1961 917 2026 Vulgo
939 1966 1010 2012 θεῶν
1027 1960 1103 2027 ἄλση.
1120 1962 1202 2014 Coisi.

185 2029 257 2082 Flor.
277 2028 304 2079 d.
322 2031 422 2093 τεμένη.
460 2028 555 2079 Verum
576 2029 675 2094 primus
692 2029 805 2079 restituit
823 2028 999 2083 Heindoriiur.

255 2096 286 2146 G.
322 2093 665 2146 ro‘v'rmrtirdioodov
683 2096 782 2158 airus}
802 2096 912 2161 τούτων,
931 2097 1001 2163 quod
1021 2098 1083 2148 oiim
1101 2097 1202 2162 aberat,

186 2162 297 2215 eBodi.
320 2164 399 2214 coiri.
427 2163 485 2214 Vnt.
512 2163 581 2213 Tub.
607 2164 670 2218 Ven.
700 2164 766 2231 ΞΠ,
792 2165 864 2216 Vind.
886 2169 949 2218 ΥΦ.
974 2167 1036 2219 Ρετ.
1057 2166 1091 2219 G.
1111 2167 1201 2217 Ambr.

80 2266 85 2279 .
184 2231 255 2282 Fior.
275 2230 300 2280 d.
318 2231 382 2285 Zitt.
400 2233 556 2283 restitutum.

254 2296 292 2349 τὸ
310 2297 422 2364 χάσμα
441 2297 569 2358 αὐτοὺς
586 2300 724 2350 ἔλαττον
742 2301 847 2365 ἔχειν]
870 2302 924 2353 Pro
943 2299 1045 2359 αὐτοὺς
1063 2301 1133 2352 Tob.
1154 2301 1200 2371 ha-

185 2368 230 2419 bet
244 2363 336 2420 αὐτῶν,
372 2368 400 2419 ld
419 2367 444 2418 in
464 2364 550 2417 αὑτῶν
567 2375 692 2420 mutatum
714 2369 851 2423 Heindorf.
868 2377 897 2422 et
912 2371 1025 2424 Bririrer.
1039 2377 1202 2436 receperunt.

185 2436 264 2490 Quod
282 2451 374 2488 vereor
389 2451 422 2488 ne
439 2437 506 2486 insto
525 2438 632 2488 calidius
658 2439 690 2488 ab
715 2438 746 2487 iis
763 2437 858 2497 iactum
879 2441 921 2489 sit.
957 2439 1108 2490 Audiendus
1126 2445 1202 2504 wyt-

183 2503 333 2557 tenbachius
353 2509 408 2567 est,
433 2506 476 2569 qui
494 2521 638 2571 pronomen
663 2511 734 2558 recte
752 2507 901 2558 observavit
919 2514 980 2573 post
998 2508 1108 2559 subiecti
1126 2522 1200 2558 men-

184 2573 283 2625 tionem
300 2574 380 2639 sae'pe
399 2573 561 2625 abundanter
578 2574 674 2628 inferri.
700 2573 770 2625 conf.
794 2575 918 2628 Matthiae
941 2577 989 2628 Gr.
1008 2580 1034 2638 ἦ.
1050 2575 1110 2630 467.
1126 2573 1152 2629 2.
1172 2591 1199 2642 p.

217 2740 301 2790 θεῶν
335 2736 387 2802 ἕδη
422 2757 454 2790 τε
488 2737 540 2790 καὶ
570 2737 659 2806 ἱεροί]
712 2741 745 2791 ad
780 2742 870 2795 lubian.
904 2742 951 2796 01.
992 2744 1018 2796 iu
1053 2743 1199 2807 Constantii

146 2816 150 2822 ’
181 2803 337 2858 Timaeus
364 2807 451 2861 Gioss.
482 2825 507 2874 p.
534 2807 575 2863 93.
602 2807 661 2862 idne
712 2809 798 2859 Laud.
814 2826 838 2874 p.
858 2811 905 2866 150
920 2828 977 2878 sqq.
995 2810 1035 2865 ed.
1047 2811 1118 2877 Lips.
1155 2812 1209 2861 Ab.

180 2873 211 2925 τὸ
239 2873 360 2942 ἄγαλμα,
383 2877 427 2926 καὶ
454 2873 468 2925 ὅ
494 2875 577 2936 τόπος
596 2868 662 2942 dar}
713 2876 750 2927 Ιιίε
769 2878 949 2931 discernuntur
970 2886 1106 2948 μαντεῖαι,
1130 2895 1198 2944 quae

85 2947 86 2950 ’
181 2941 661 3013 ffipvraa.Suntidntempiaata-
712 2946 868 3014 auntipsa
894 2948 1034 3001 deorum
1062 2964 1212 3015 respon-i

181 3013 403 3078 toisornata,
427 3030 572 3081 quanquam
601 3031 660 3066 sae·
712 3031 756 3066 sa.
782 3031 806 3069 v.
831 3017 1063 3080 Wyttanbaob.
1087 3019 1107 3071 1.
1131 3033 1154 3067 o.
1172 3034 1197 3083 p.

180 3083 237 3148 pius
255 3083 288 3135 de
307 3084 496 3137 simulacris
515 3086 614 3137 dicitur.
635 3099 658 3134 v.
714 3082 773 3137 137.
791 3084 937 3149 Αὶσθησεις
952 3091 1020 3137 θεῶν
1033 3093 1120 3138 autem
1139 3101 1197 3137 curn

180 3151 285 3203 doctam
316 3152 432 3203 Koobii
463 3153 662 3219 disputationem
714 3151 751 3204 Fi
760 3152 883 3204 sobaro
912 3154 1061 3205 referendas
1086 3155 1199 3205 arbitror

180 3217 297 3270 Addend.
316 3220 341 3269 iu
359 3220 428 3270 Tim.
447 3222 564 3274 Giossan
582 3238 606 3287 p.
622 3221 662 3275 16.
714 3221 747 3271 ad
767 3223 836 3272 visa
856 3227 886 3274 et
904 3224 1041 3284 somnia,
1062 3237 1141 3285 quum
1162 3222 1198 3272 dii

175 3281 242 3348 Ἱερὰ
262 3289 482 3350 suntquaevis
500 3293 576 3341 ioca
596 3290 660 3340 diis
713 3287 859 3340 bominibus
890 3291 930 3342 vei
965 3289 1129 3352 uigilantibus
1156 3292 1197 3339 vei

178 3359 395 3406 consecrata.
421 3355 507 3407 Minus
520 3365 608 3424 aptum
620 3364 661 3409 est
713 3356 900 3409 dormientibus
932 3370 1056 3420 apparere
1076 3354 1197 3403 videntur

178 3419 212 3466 θ.
233 3417 298 3480 ἄλση
316 3419 404 3468 τεκαὶ
422 3422 478 3489 ἱερά
488 3461 495 3488 ,
515 3440 660 3489 quanquam
710 3425 792 3491 iisque
809 3424 905 3490 aliquid
921 3423 1072 3487 signiticare-

178 3497 235 3535 eam
271 3485 408 3538 lectionem
445 3492 547 3554 piurimi
582 3493 658 3548 codd.
745 3526 767 3579 c
828 3525 836 3547 2
867 3517 1137 3590 ozjhomfnfbu„
1160 3548 1195 3558 ,,

177 3566 236 3602 oum
259 3556 321 3602 vett.
349 3553 422 3606 editt.
446 3562 557 3612 tuentur.
591 3559 658 3612 Nam
750 3566 776 3612 τ’
795 3547 834 3616 αἶ)
844 3543 915 3610 ¹1⁶
1025 3584 1032 3602 ι
1130 3560 1145 3601 .·

177 3618 242 3685 ἄλση
256 3619 303 3668 ’καὶ
319 3619 374 3685 ἱερὰ
394 3621 448 3675 iere
467 3631 525 3676 sunt
545 3628 616 3678 luci
635 3644 657 3678 s.
709 3612 777 3664 προς
794 3611 908 3656 “W‘’
928 3605 964 3640 ’θ’
986 3605 1050 3644 τους
1068 3589 1158 3647 'mc‘

177 3702 286 3741 nemora
312 3687 361 3738 diis
392 3699 551 3745 consecrata,
578 3701 658 3760 atque
742 3693 872 3746 noritur
905 3688 1106 3743 ἀκόλουθον
1151 3689 1194 3740 ai.

176 3755 248 3810 iaua
273 3757 297 3808 in
329 3755 422 3808 iisdem
454 3766 601 3827 exstructa,
629 3770 658 3816 ut
708 3763 779 3830 και]
816 3761 970 3814 Fioiuusr
1002 3757 1132 3808 ceteris
1161 3759 1194 3810 in

176 3841 219 3893 ap.
241 3824 308 3877 Liv.
334 3824 450 3880 mv,-
475 3829 517 3882 51.
547 3829 658 3884 fanum
708 3832 811 3883 rebar
848 3827 1096 3879 beatitudiuem
1134 3842 1193 3878 eoa

176 3902 208 3947 et
226 3897 328 3948 lucus·
364 3895 463 3948 Deinde
487 3901 573 3964 φῆμαι
597 3906 659 3952 aunt
707 3897 756 3951 bia
783 3897 882 3949 rebus
911 3910 1092 3962 congruam
1119 3911 1194 3961 pos-

175 3978 276 4016 vooea
293 3963 435 4017 deorum.
450 3965 592 4033 xVocabuii
603 3967 657 4017 ori·
707 3965 827 4018 sidere.

172 4031 259 4096 ginem
278 4038 306 4083 et
322 4048 398 4085 urum
415 4033 495 4087 doote
512 4041 539 4087 ot
556 4033 657 4085 subtili·
684 4080 685 4084 ,
741 4033 807 4096 Cap.
823 4029 880 4086 LX.
918 4031 948 4082 C.
984 4030 1065 4093 τούς
1085 4031 1119 4081 dt
1138 4035 1193 4098 βα-

162 4102 213 4176 ιίοτ
248 4101 383 4153 iiiustmvit
422 4101 652 4170 Wytienbaob.
705 4100 948 4176 domnoc-4
977 4101 1044 4155 Eos
1073 4106 1194 4164 autom,
1242 4165 1247 4169 ι
