2604 4620
183 252 303 315 nxvm
554 243 825 294 raounaonnrs

182 400 424 477 declamatione,
446 419 510 481 quo
523 396 653 463 facilius
665 395 890 482 perspiciatur,
913 404 1034 479 quanta
1048 416 1124 461 cum
1138 397 1207 477 spl-

78 536 88 546 ,
181 489 275 553 lertia
303 496 404 551 totum
431 483 492 546 hoc
514 492 739 568 argumentum
761 503 783 544 a
801 480 936 545 Platone
958 489 1131 545 tractatum
1153 482 1206 547 sit.
1243 524 1254 546 .-

225 571 271 635 Et
296 571 434 656 primum
456 565 587 650 quidem
607 587 672 628 non
695 564 763 629 sine
784 563 899 629 idonea
920 586 1036 630 caussa
1049 565 1096 629 ita
1109 565 1208 631 insti·

167 664 289 720 ·tutum
321 662 386 732 est,
419 661 457 716 ut
482 648 669 715 Alcibiades
702 648 851 713 convivio
907 670 985 713 aene
1013 659 1148 734 peracto
1176 663 1209 715 et

182 750 259 804 vero
290 738 386 802 etiam
421 733 613 800 temulentus
638 733 876 819 ingrediatur·
923 752 977 796 am
1006 732 1150 799 sobrium
1179 735 1209 801 si

75 852 89 871 Ι
183 822 277 887 Plato
297 821 488 896 induxisset,
509 817 609 882 multo
630 817 786 881 minorem
806 816 873 881 vim
894 816 965 882 eius
986 818 1089 883 oratio
1111 816 1207 884 habi·

185 917 257 971 tura
278 918 372 971 esset.
394 904 490 969 Nune
511 924 588 967 vero
609 901 663 966 ille
684 900 764 964 nihil
785 923 935 966 reverens
957 901 1078 967 iudicia
1099 902 1205 968 homi-

183 1013 260 1055 num
285 990 389 1075 ipsius
416 1011 488 1053 cum
515 985 649 1052 Socrate
681 985 924 1050 familiaritatem
952 985 1207 1071 improbantium

183 1075 296 1139 intima
327 1073 467 1160 pectoris
499 1093 592 1135 sensa
619 1069 839 1154 proloquitur,
872 1080 909 1134 ut
936 1092 1043 1154 neque
1069 1070 1204 1137 reticere

184 1159 360 1242 qrridquam
386 1180 446 1221 nec
472 1155 571 1220 ullam
592 1177 659 1219 rem
680 1153 803 1240 fingere
825 1163 880 1216 aut
902 1155 1205 1221 comminisciaelle

184 1243 340 1307 videatur.
376 1238 474 1323 Quod
500 1249 609 1304 autem
634 1237 766 1302 ultimus
795 1239 937 1304 omnium
958 1238 1089 1304 advenit
1109 1249 1205 1324 atque

184 1349 224 1393 eo
249 1327 321 1411 ipso
348 1335 501 1411 tempore,
536 1345 600 1407 quo
628 1320 771 1388 Socratis
800 1322 903 1387 oratio
930 1324 1026 1389 modo
1059 1322 1205 1407 absoluta

186 1421 235 1477 est
262 1420 294 1475 et
320 1410 363 1474 ad
389 1410 486 1474 finem
507 1408 673 1493 perducta,
702 1429 836 1492 prorsus
858 1406 968 1472 divina
988 1416 1059 1472 arte
1080 1406 1140 1473 hoc
1157 1407 1202 1471 ita

184 1517 202 1559 a
225 1494 362 1560 Platone
384 1492 604 1579 excogitatum
625 1513 697 1556 esse
720 1491 877 1556 existimo.
910 1490 996 1555 Nam
1016 1490 1065 1557 ita
1084 1491 1124 1570 is,
1145 1490 1201 1590 qui

183 1579 346 1644 Diotimae
375 1579 551 1642 orationem
571 1599 597 1639 a
619 1573 753 1641 Socrate
776 1586 954 1641 enarratam
975 1598 1041 1641 non
1062 1576 1203 1641 audivis-

185 1673 245 1742 set,
280 1673 386 1727 tamen
414 1659 615 1761 stupentibus
641 1659 756 1726 ceteris
785 1659 929 1726 convivis
958 1659 1108 1725 omnibus
1134 1682 1205 1725 eam

185 1747 338 1834 proponit
353 1744 497 1812 Socratis
518 1744 701 1832 imaginem,
724 1764 807 1826 quae
828 1766 961 1830 prorsus
983 1744 1025 1809 ad
1040 1743 1204 1809 Diotimae
1282 1750 1291 1765 ‘

185 1831 376 1897 sententiam
403 1851 557 1916 expressa
584 1840 679 1912 atque
708 1828 866 1894 illustrata
893 1828 1049 1894 videatur.
1076 1827 1205 1911 Inque

183 1925 338 2000 quantum
365 1915 444 1980 insit
470 1913 648 1981 venustatis
675 1936 714 1978 ac
739 1912 871 1998 leporis,
901 1916 1103 1978 certe'nemo
1129 1912 1200 1988 erit,

184 2000 262 2084 quin
285 2001 382 2064 semel
403 2000 543 2064 monitus
564 2008 719 2084 protenus
742 1997 984 2062 animadvertat.
1015 1993 1082 2061 Sed
1102 2016 1201 2079 quum

183 2085 234 2148 vel
261 2084 408 2148 scenicus
437 2095 612 2169 apparatus
632 2082 665 2146 in
686 2081 757 2147 hac.
770 2081 925 2146 sermonis
946 2090 1040 2168 parte
1061 2080 1103 2145 sit
1123 2080 1201 2145 arti-

184 2168 383 2232 ficiosissime
405 2166 549 2231 delectus
571 2176 603 2231 et
617 2166 800 2243 adamatus,
824 2176 891 2230 tum
905 2167 1012 2252 ipsum
1032 2186 1205 2253 argumen-
1274 2192 1280 2199 ·

185 2262 254 2315 tum
275 2249 429 2314 orationis
451 2249 492 2314 ab
514 2248 686 2315 Alcibiade
713 2250 866 2315 recitatae
887 2272 998 2315 omnes
1018 2248 1118 2315 habet
1139 2249 1206 2315 ele-

184 2333 313 2423 gantiae
326 2357 486 2400 numeros.
507 2333 707 2434 Depingitur
728 2335 813 2399 enim
828 2331 972 2399 Socratis
991 2334 1096 2399 forma
1109 2343 1207 2419 atque

185 2419 310 2504 species
339 2418 397 2497 sic,
425 2430 463 2485 ut
490 2442 598 2483 omma
627 2430 659 2483 et
687 2417 750 2518 ipsi
776 2441 886 2484 rerum
906 2418 1036 2484 veritati
1057 2428 1207 2485 accurate

183 2504 374 2569 conveniant
413 2514 445 2568 et
480 2503 522 2568 ad
554 2503 721 2589 seriptons
755 2504 922 2569 consilium
957 2504 1208 2589 prudentissime

185 2588 250 2652 sint
275 2598 497 2673 attemperata.
531 2586 695 2668 Quorsum
722 2588 862 2675 pertinet
889 2599 965 2653 ante
987 2589 1096 2656 omnia
1115 2587 1206 2666 illud,
1291 2588 1294 2599 '

184 2667 273 2755 qdod
299 2695 372 2735 eum
400 2694 472 2736 cum
500 2668 618 2736 Silenis
645 2682 742 2755 atque
765 2670 894 2758 Satyris
922 2684 1086 2759 comparat
1112 2683 1208 2756 atque

207 2756 259 2820 lus
285 2756 320 2820 in
346 2777 476 2821 recessu
497 2755 615 2822 habere
637 2757 741 2836 docet,
772 2780 870 2842 quam
896 2758 1003 2823 fronte
1030 2759 1207 2845 promittat.

184 2779 271 2904 llam
292 2863 365 2905 cum
389 2838 514 2925 Satyris
535 2852 632 2926 atque
655 2838 774 2907 Silenis
795 2865 896 2927 quum
916 2865 988 2908 eum
1005 2864 1207 2909 communem

152 2980 156 2985 ,
184 2923 303 2990 habere
318 2925 396 2990 dicit
409 2925 535 2991 iocandi
549 2926 740 3011 ridendique
755 2927 1030 3006 consuetudinem,
1053 2937 1122 2992 tum
1136 2938 1206 2992 tan-

187 3019 250 3075 tam
272 3009 318 3075 ait
340 3033 411 3077 esse
425 3011 605 3077 orationum
625 3011 695 3077 eius
709 3011 775 3077 vim
790 3023 822 3076 et
837 3012 1040 3098 gravitatem,
1063 3021 1102 3099 ut
1115 3032 1208 3076 nemo

186 3095 238 3173 sit,
261 3097 339 3180 quin
360 3097 400 3161 iis
422 3096 700 3164 vehementissime
715 3107 963 3175 commoveatur,
988 3117 1087 3179 seque
1101 3095 1208 3181 ipsum

185 3181 304 3245 fatetur
319 3181 388 3246 eius
402 3183 540 3261 monitis,
563 3182 757 3268 praeceptis,
779 3180 1052 3246 cohortationibus
1072 3179 1121 3244 ita
1133 3201 1225 3265 per-.

186 3265 259 3331 celli
286 3267 404 3343 solere,
431 3275 468 3331 ut
495 3266 603 3350 ipsum
632 3266 817 3352 saepissime
846 3266 1051 3332 consiliorum
1065 3284 1207 3332 ,suorum

186 3349 324 3413 maxime
339 3350 511 3432 poeniteat
534 3348 662 3430 Quibus
677 3348 785 3415 verbis
807 3350 881 3434 quis
904 3360 954 3415 est
969 3349 1047 3435 quin
1063 3370 1135 3414 eum
1147 3346 1204 3410 de-

123 3450 128 3457 ·
187 3432 280 3518 pingi
305 3432 414 3496 videat
442 3444 626 3512 amatorem,
654 3436 710 3519 qui
739 3446 771 3500 et
793 3435 866 3522 ipse
889 3435 931 3500 sit
953 3432 1207 3521 sapientissimus

186 3525 218 3581 et
238 3515 396 3581 amasium
418 3539 513 3582 suum
534 3519 688 3583 orationis
710 3520 972 3608 suae-gravitate
994 3530 1092 3604 atque
1112 3515 1146 3587 vi
1165 3513 1208 3579 ad
1235 3543 1244 3564 ⁸

187 3622 314 3666 omnem
343 3599 492 3665 virtutem
522 3611 554 3666 et
584 3603 773 3686 sapientiam
801 3606 978 3692 perducere
1000 3592 1036 3668 el
1077 3599 1211 3667 oscitet

188 3686 310 3751 soleat?
336 3683 497 3750 Nimirum
523 3686 599 3751 inde
626 3687 804 3757 certissime
832 3688 1024 3786 intelligitur
1071 3693 1213 3751 ceratem

124 3836 129 3844 ,
187 3770 234 3834 ita
254 3764 434 3836 Alcibiadis
455 3770 610 3856 flagrasse
632 3795 752 3850 amore,
775 3783 812 3839 ut
825 3771 1046 3859 philosophiae
1061 3793 1082 3834 o
1105 3768 1213 3855 epul-

188 3877 278 3921 crum
301 3877 342 3921 ex
364 3854 475 3941 pulcro
498 3855 632 3942 gignere
653 3868 811 3956 perpetuo
834 3867 965 3922 conatus
988 3856 1039 3922 sit
1113 3874 1214 3920 anens

113 3976 117 3981 ·
188 3950 295 4007 autem
317 3939 433 4008 deinde
448 3938 637 4006 Alcibiades
657 3965 691 4007 1n
706 3941 818 4008 eadem
833 3941 983 4042 imagine,
1006 3962 1104 4026 quam
1119 3948 1216 4004 antea

189 4026 423 4111 proposuisset,
446 4035 578 4091 externa
601 4025 731 4111 quidem
755 4027 859 4113 speeie
882 4037 927 4093 art
950 4049 1024 4093 eum
1042 4023 1147 4090 videri
1162 4020 1214 4089 lu-
