2604 4620
461 241 510 292 an
534 210 749 288 srurosmu.
1058 243 1097 288 x1

89 391 326 478 Eryximachus
347 391 501 470 medicus,
528 413 663 476 eumque
688 391 870 458 rationibus·
887 415 927 458 ex
949 403 1017 458 arte
1038 416 1097 459 sua
1197 423 1203 429 ’

89 478 264 577 depromtis
285 477 459 554 confirmat,
485 486 580 563 atque
601 487 711 542 auctor
733 475 790 564 [de
812 477 969 543 sententia
989 477 1096 543 Phae-

89 562 156 650 dn]
185 571 232 628 est
258 562 401 645 reliquis,
430 571 465 626 ut
483 561 609 647 singuli
636 561 787 648 deinceps
814 563 956 628 oratione
983 563 1097 629 laudes

89 646 219 712 Amoris
241 645 409 712 celebrent.
442 645 623 710 Dimittitur
644 645 823 731 tibicina*).

130 730 258 796 Primus
280 732 321 797 de
342 730 463 797 Amore
486 731 564 796 dicit
583 729 752 795 Phaedrus
776 730 901 818 [utpote
926 731 1098 816 primarius

88 816 211 883 consilii
233 814 371 902 auctor]‚
396 822 531 900 eumque
552 815 696 881 Hesiodo
708 815 964 900 Parmenideque
985 826 1096 880 aucto-
1185 822 1188 828 '

87 900 177 966 ribus
199 901 330 966 deorum
351 901 491 965 omnium
512 900 768 984 antiquissimum
797 923 869 967 esse
891 901 1039 978 ostendit,
1066 913 1099 966 et

87 985 196 1050 multis
218 1009 259 1050 ex
279 985 380 1051 veteri
393 985 527 1050 historia
539 985 711 1070 propositis
727 986 881 1073 exemplis
899 986 1014 1071 probat
1028 985 1097 1050 eius

87 1070 228 1134 divinam
250 1093 320 1135 esse
341 1071 407 1135 vim
429 1071 470 1133 ad
491 1070 654 1135 homiuum
678 1071 800 1134 animos
822 1071 863 1134 ad
885 1093 1010 1138 omnem
1030 1071 1096 1134 vir-

87 1165 189 1220 tutem
213 1153 449 1238 incitandos**)
478 1153 752 1241 [quandoquidem
777 1155 951 1219 amantium
984 1155 1097 1220 animis

86 1241 254 1327 ingeneret
284 1239 451 1305 honestam
486 1239 721 1317 verecundiam,
754 1240 1099 1326 praestantissimarum

87 1325 241 1390 virtutum
263 1323 456 1411 parentem}
1058 1404 1061 1409 ξ

129 1407 299 1475 Secundus
322 1408 411 1496 [post
432 1409 510 1474 alios
532 1409 662 1485 scilicet,
682 1431 818 1557 qlporum
839 1410 999 1475 orationes
1020 1407 1100 1472 Ari-

88 1494 249 1560 stodemus
272 1494 447 1558 transmisit
468 1493 609 1581 silentio]
633 1504 683 1559 est
723 1494 884 1571 ausanias,
905 1494 955 1560 vir
976 1495 1009 1559 in
1053 1493 1097 1558 ri-
1216 1565 1218 1568 y

87 1578 148 1642 mis
161 1580 298 1661 ἐρωτικὸς
313 1589 346 1642 et
360 1588 482 1641 amator
492 1577 681 1664 Agathonis.
703 1578 769 1644 Hic
782 1579 986 1665 reprehendit
996 1517 1052 1644 Pi
1085 1616 1098 1629 ·

88 1663 192 1738 dsunt,
213 1661 300 1743 quod
311 1661 500 1745 simpliciter
513 1660 691 1726 laudaverit
703 1663 867 1742 Amorem,
890 1686 927 1728 ac
943 1665 969 1728 si
982 1664 1098 1728 unicus

89 1757 212 1809 tantum
233 1755 319 1809 esset
339 1743 451 1810 Amor.
473 1742 606 1823 Verum,
628 1745 741 1829 inquit,
763 1757 799 1812 ut
820 1747 939 1832 duplex
960 1758 1008 1811 est
1029 1747 1097 1812 Ve-

26 1892 29 1911 ,
88 1852 160 1908 nus,
171 1829 271 1894 altera
284 1829 440 1906 coelestis,
454 1827 555 1895 altera
568 1829 720 1917 vulgaris,
731 1830 777 1895 ita
791 1832 910 1917 duplex
924 1842 973 1895 est
984 1832 1096 1911 Amor,

87 1916 168 1979 alter
186 1913 347 1992 coelestis,
368 1913 512 2002 vulgaris
533 1914 623 1980 alter.
651 1914 763 1999 Atque
784 1926 900 1981 natura
921 1916 1016 1980 etiam
1037 1915 1098 1979 hu·

86 2020 254 2064 manarum
274 1998 436 2065 actionum
457 1998 528 2063 telis
549 2009 608 2079 est,
630 2013 667 2063 ut
687 2000 774 2064 nulla
793 2000 827 2065 in
850 2023 885 2067 se
906 2002 976 2087 ipsa
992 2000 1034 2066 sit
1047 2001 1099 2067 vel

87 2085 190 2170 turpis
211 2083 264 2149 vel
284 2083 427 2150 honesta.
444 2138 485 2148 ..
507 2081 577 2150 Sed
596 2083 811 2151 Athenienses
833 2096 866 2151 et
878 2084 1098 2152 Lacedaemo·

86 2168 134 2232 nii
155 2169 294 2253 reliquas
315 2179 428 2255 gentes
448 2191 549 2253 quum
569 2169 702 2234 aliarum
722 2171 831 2258 legum
850 2171 1006 2258 sapientia
1027 2170 1098 2236 vin·

87 2264 175 2331 cunt,
198 2264 267 2318 tum
289 2276 399 2320 earum
419 2253 568 2334 maxime,
588 2277 672 2338 quae
692 2254 734 2321 de
755 2255 877 2321 Amore
899 2266 982 2321 sunt.
1015 2255 1099 2321 Nam

86 2339 175 2424 apud
195 2336 314 2404 Persas
338 2349 374 2405 et
393 2336 548 2418 Graecos,
575 2340 632 2424 qui
657 2339 771 2405 horum
800 2340 935 2427 imperio
964 2340 1099 2406 subiecti

88 2433 173 2502 sunt,
203 2423 309 2510 turpis
336 2423 473 2490 habetur
522 2447 672 2490 uerorum
700 2448 798 2505 amor,
828 2427 915 2509 quod
936 2425 1097 2510 tyrannidi

85 2508 224 2574 maxime
246 2519 296 2574 est
315 2507 460 2586 infestus.
515 2510 584 2596 pud
597 2508 738 2576 Boeotos
757 2520 789 2576 et
801 2509 900 2576 Eleos
914 2521 1024 2576 contra
1037 2510 1110 2574 im·,

86 2593 200 2679 punita
220 2592 290 2659 eius
311 2604 361 2660 est
380 2595 520 2661 licentia.
542 2594 643 2682 Apud
664 2617 722 2660 nos
743 2618 819 2660 vero
834 2595 1098 2662 etLacedaemo-

85 2678 156 2743 n'ios
178 2679 266 2764 leges
288 2701 363 2744 eum
383 2702 442 2745 neo
467 2681 656 2766 permittunt
682 2680 867 2767 simpliciter
892 2703 953 2746 nec
978 2691 1098 2758 vetant,

87 2763 146 2828 sed
169 2763 371 2829 cautionibus
393 2775 426 2830 et
446 2775 532 2831 certa
551 2765 674 2831 ratione
690 2765 960 2832 circumscribunt.
982 2765 1098 2849 Itaque

86 2846 201 2924 Anior,
223 2847 251 2912 si
267 2871 307 2913 ex
322 2850 436 2914 mentis
457 2849 672 2935 pulcritudine
695 2862 727 2915 et
750 2850 876 2916 virtutis
898 2851 1003 2915 studio
1026 2873 1098 2915 sus·

86 2930 214 3016 cipitur,
235 2931 400 3008 laudatum
425 2933 452 2998 si
473 2956 551 2999 vero
571 2935 613 2999 nd
631 2934 772 3019 corporis
792 2935 928 2999 formam
949 2935 1098 3010 refertur,

86 3024 266 3183 magnssgt
293 3017 443 3082 amatoris
472 3027 504 3082 et
529 3018 633 3081 amati
653 3018 829 3103 ignominia
850 3041 869 3081 a
889 3019 1017 3103 legibus
1038 3040 1097 3081 no-

87 3109 174 3163 tatur
254 3144 262 3160 .
444 3154 446 3159 ,

129 3182 302 3248 Proximus
324 3183 354 3248 ei
376 3185 689 3271 estAristophanes3
714 3186 770 3252 sed
783 3187 911 3252 dicendi
924 3186 1098 3273 provincia,
1183 3202 1186 3210 ’

86 3290 169 3352 quae
191 3267 302 3335 ordine
323 3269 365 3333 ad
386 3293 459 3335 eum
479 3282 620 3349 venerat,
643 3270 811 3355 quominus
831 3273 993 3360 frmgatur‚
1020 3294 1096 3358 pro-

84 3353 214 3419 hibetur
237 3353 390 3442 singultu,
413 3378 453 3421 ex
473 3356 570 3422 nimio
592 3357 662 3422 cibo
684 3367 826 3442 potuque
845 3359 896 3423 vel
910 3357 971 3422 alia
985 3379 1099 3422 caussa

86 3449 164 3505 orto.
199 3438 314 3523 Itaque
343 3439 385 3503 ad
413 3442 595 3527 proximum
616 3465 651 3507 se
673 3443 828 3507 convertit
848 3442 1097 3527 Eryximachum

85 3525 254 3602 medicum,
285 3524 326 3590 ab
348 3547 449 3609 eoque
470 3528 620 3626 postulat,
642 3533 686 3591 'ut
707 3529 758 3592 vel
784 3552 804 3592 a
827 3527 969 3616 singultu
990 3528 1096 3614 ipsum

85 3609 199 3675 liberet
229 3610 282 3676 vel
307 3633 368 3696 pro
387 3634 431 3677 ,se
453 3613 579 3678 dicendi
607 3613 803 3698 provinciam
825 3613 987 3706 suscipiat
1013 3612 1096 3700 Ego.

86 3716 172 3774 vero,
201 3695 306 3779 inquit
332 3694 579 3781 Eryximachus‚
607 3708 776 3782 utrumque
803 3698 934 3764 faciam:
965 3721 1039 3762 nam
1066 3706 1097 3762 et
