2604 4620
445 235 656 339 runnuo.
681 290 709 354 p.
730 274 781 339 ao.
804 274 848 337 ει
1092 272 1153 335 ros

143 492 148 503 ·
212 446 298 544 Cap.
326 443 466 518 XXIX.
520 451 561 515 rt
592 435 672 534 οὗν;
707 443 835 515 τούτων
867 442 974 523 οὕτως
1008 441 1151 531 ἑχόντων

138 540 195 640 ἆρ’
223 548 296 637 οὐχὶ
321 546 450 637 σώματι
475 552 537 634 μὲν
554 543 638 634 ταχὺ
652 545 852 615 διαλύεσθαι
869 543 1033 636 προςήκει,
1059 547 1151 640 ψυχῇ

140 655 175 720 tt
200 639 243 718 αὖ
270 645 308 718 τὸ
332 644 496 738 παράπαν
530 645 701 734 ἀδιαλύτῳ
737 644 821 716 εἶναι
852 642 991 733 ήὲγγύς
1015 670 1045 712 τι
1072 645 1150 713 τού-

139 776 220 834 τους
269 753 351 828 Πῶς
375 744 439 836 γὰρ
467 743 530 830 ot,-
577 746 720 827 Ἑννοεῖς
746 737 825 826 οὖν,
851 752 932 839 ἔφη,
958 743 1030 826 ὅτι,
1064 754 1204 824 ἐπει-ο

139 849 203 920 δᾶν
228 847 396 944 ἀποθάνῃ
422 847 440 917 ὁ
469 845 675 934 ἄνθρωπος,
710 845 749 917 τὸ
778 852 840 935 μὲν
874 843 1000 936 ὁρατὸν
1031 845 1148 925 αὐτοῦ,

139 948 179 1019 τὸ
205 955 320 1038 σῶμα,
354 953 409 1018 καὶ
434 957 470 1017 ἐν
496 946 608 1038 ὁρατῷ
632 955 798 1036 κείμενον,
833 945 851 1016 ὃ
879 946 919 1030 δή
946 944 1063 1036 νεκρὸν
1088 974 1149 1014 κα-

140 1055 278 1137 λοῦμεν,
311 1039 336 1135 ᾧ
362 1047 515 1140 προςήκει
549 1045 750 1117 διαλύεσθαι
781 1052 838 1116 καὶ
870 1052 1058 1116 διαπίπτειν
1093 1051 1149 1115 καὶ

140 1154 366 1230 διαπνεῖσθαι,
393 1149 453 1218 οὐκ
471 1148 577 1230 εὐθὺς
592 1150 723 1220 τούτων
744 1149 842 1218 οὐδὲν
858 1152 1042 1227 πέπονθεν,
1068 1145 1144 1215 ἀλλ’

141 1255 284 1330 ἐπιεικῶς
317 1248 438 1338 συχνὸν
468 1259 609 1337 ἐπιμένει
638 1249 783 1341 χρόνον,
827 1247 886 1317 ἐὰν
920 1255 979 1336 μέν
1012 1273 1062 1325 τις
1093 1250 1149 1314 καὶ

136 1359 314 1440 χαριέντως
337 1358 418 1438 ἔχων
449 1348 488 1418 τὸ
526 1354 620 1439 σῶμα
651 1351 825 1446 τελευτήσῃ
861 1353 918 1418 καὶ
947 1357 983 1416 ἐν
1008 1343 1147 1440 τοιαύτῃ

139 1448 228 1540 ὥρᾳ,
265 1457 320 1521 καὶ
353 1450 442 1519 πάνυ
475 1450 578 1539 μάλα.
612 1451 779 1540 συμπεσὸν
811 1448 877 1542 γὰρ
903 1446 943 1518 τὸ
970 1451 1065 1536 σῶμα
1091 1454 1147 1516 καὶ

140 1558 356 1643 ταριχευθέν,
397 1549 502 1642 ὥςπερ
542 1558 575 1622 oi
614 1561 650 1622 iv
686 1551 841 1641 Αἰγύπτῳ
888 1553 1149 1643 ταριχευθέντες,

142 1784 294 1830 structuram
312 1777 465 1842 ignorarent.
483 1793 507 1831 v.
526 1779 560 1830 ad
578 1794 603 1846 p.
622 1779 665 1833 67.
686 1781 717 1833 C.

212 1847 242 1897 C.
277 1845 348 1909 «irs,
366 1845 499 1896 ἐπειδὰν
516 1845 579 1909 rim}
598 1845 642 1897 ὅτι
658 1863 710 1898 orn.
728 1846 795 1898 Tub.
816 1855 843 1900 et
859 1865 874 1901 a
891 1864 931 1915 pr.
946 1846 1069 1905 mbodt.
1082 1846 1146 1898 Ven.

90 1970 97 1979 ,
143 1915 180 1966 Π.
216 1915 316 1967 Deinde
333 1913 363 1964 τὸ
384 1921 444 1966 ante
462 1921 534 1982 σῶμα
552 1932 566 1966 e
584 1915 659 1970 Bodl.
683 1917 740 1969 Vnt.
760 1916 828 1968 run.
846 1917 908 1971 Ven.
930 1916 965 1970 Π,
985 1915 1059 1969 Vind.
1080 1918 1102 1969 i·
1121 1915 1145 1967 t.

143 1985 233 2036 Ambr.
255 1984 316 2035 Par.
336 1984 367 2034 Α.
385 1982 454 2034 Flor.
475 1984 500 2034 d.
517 1984 676 2036 rasurarum
706 1986 741 2038 ln
752 1985 814 2037 Psr.
832 1986 865 2036 G.
884 1992 944 2039 suta
962 1991 1034 2053 σῶμα
1051 1984 1146 2051 aliquid

142 2068 519 2188 Θηιει55155διατενεῖσθαι]
539 2135 590 2174 om.
609 2137 647 2186 pr.
666 2137 699 2175 nr.
718 2122 794 2178 Bodi.
813 2129 841 2176 ct
859 2123 922 2178 Ven.
941 2123 978 2175 Π.

143 2287 170 2335 τι
191 2287 311 2353 χαριέσσῃ
335 2285 396 2355 ὥρᾳ.
437 2290 512 2342 Quae
538 2290 619 2355 quatis
668 2293 728 2344 tali
759 2297 1022 2358 temperamento
1051 2291 1145 2352 coeli,

145 2354 193 2418 sit,
228 2354 321 2405 nemini
356 2357 451 2423 poterit
480 2358 619 2410 obscurum
669 2362 764 2426 quate
786 2375 871 2411 nunc
901 2367 961 2410 est.
1000 2359 1146 2424 Wytten-

144 2439 211 2488 εεεε,
230 2423 273 2486 qui
288 2426 432 2476 meminerit
443 2423 512 2494 ὥραν
530 2427 562 2477 de
581 2429 620 2478 vi·
669 2428 804 2479 bachius
827 2433 901 2494 putat
923 2426 991 2494 ὥραν
1013 2441 1072 2477 εεεε
1095 2441 1147 2476 an-

143 2496 186 2543 tae
204 2491 326 2543 humanae
341 2495 478 2555 aetatibus,
498 2495 621 2560 imprimis
670 2497 701 2547 ni
718 2502 857 2561 tempus.
897 2495 973 2548 Quae
1002 2499 1149 2544 commenta

143 2559 177 2610 de
194 2565 280 2610 aetate
296 2560 396 2613 iuvenili
422 2569 448 2613 et
466 2563 545 2626 virili,
569 2563 620 2614 diei
670 2579 721 2614 non
739 2564 866 2628 estquod
885 2562 1037 2612 refutemus.

94 2680 96 2685 ,
143 2628 246 2679 solitum
271 2643 340 2684 εεεο.
381 2629 471 2696 Neque
494 2631 620 2682 enim'ita
705 2629 1011 2698 ovpneobrybp-]
1029 2629 1090 2680 Hoc
1108 2628 1149 2680 di·

144 2693 198 2764 ὅρα
220 2696 343 2761 χαρίεσσα
367 2700 416 2749 εΙίε
442 2715 500 2749 esse
523 2705 620 2764 potest,
671 2699 718 2750 cit:
737 2715 804 2751 nam
818 2700 880 2751 iliud
891 2699 993 2763 quidem
1004 2712 1150 2751 memorare

141 2765 189 2815 nisi
209 2764 471 2830 comminiscetur,
493 2782 620 2831 quaoor-
671 2771 744 2829 nolo,
777 2784 798 2820 ε.
824 2783 915 2818 omnes
938 2773 1047 2828 norunt,
1078 2763 1150 2830 quod

141 2847 190 2899 pus
213 2832 269 2882 eins
294 2834 363 2899 viget
387 2841 413 2886 et
435 2837 524 2898 floret,
549 2835 573 2886 h.
597 2851 620 2888 ε.
671 2851 768 2900 corpus
786 2835 927 2901 collapsum
946 2841 973 2885 et
990 2833 1149 2886 medicatum

142 2901 422 2954 aetasiuveniiis.
447 2904 539 2966 ltaque
558 2902 621 2954 haec
670 2918 751 2967 prope
770 2909 854 2953 totum
873 2907 1075 2967 permanetetc.
1110 2902 1150 2950 De

141 2970 179 3020 ita
190 2974 339 3021 convertas:
359 2969 386 3017 si
403 2969 621 3034 quidemquis
671 2985 723 3033 quo
742 2984 791 3017 usn
808 2984 866 3019 voc.
886 2967 937 3033 γάρ
961 2968 1089 3017 etenim
1109 2969 1150 3018 vei

143 3042 178 3087 et
201 3048 345 3098 corpore
371 3033 522 3086 florente
540 3051 622 3086 mor·
670 3051 741 3084 nam
767 3036 793 3082 in
818 3035 1012 3084 transitionibus
1030 3033 1149 3083 dixerunt

144 3109 223 3154 tuus
261 3100 364 3150 suerit
404 3107 437 3151 et
477 3101 623 3152 florente
674 3100 813 3150 Sobutn.
841 3101 938 3150 Partio.
975 3100 1031 3151 159.
1068 3099 1151 3149 Her-

143 3174 267 3222 aetate.
306 3167 423 3230 Denique
445 3168 494 3218 ista
512 3167 555 3215 aab
573 3166 623 3217 πά·
676 3182 776 3218 mann.
793 3168 826 3216 ari
846 3167 954 3220 Lucian.
973 3167 1012 3217 De
1024 3165 1149 3218 conscrib.

142 3257 174 3290 ‚a
198 3235 282 3302 μάλα,
306 3251 372 3300 quae
395 3235 561 3288 asseverandi
588 3236 624 3286 si·
674 3235 762 3288 histor.
793 3250 814 3285 c.
842 3235 881 3290 19.
911 3235 1083 3287 Heinrich.
1117 3235 1149 3288 ad

143 3305 332 3373 gnificationem
359 3304 467 3368 babent,
494 3319 544 3355 non
568 3304 624 3355 sinc
673 3304 785 3355 Iuvenai.
809 3304 867 3355 xli.
891 3303 947 3358 115.
969 3305 1149 3370 etGrysar.
1183 3308 1185 3314 ’

144 3374 272 3440 gravitate
300 3370 413 3436 quadarn
437 3374 462 3423 in
483 3375 533 3424 fine
558 3387 620 3424 sen·
672 3372 785 3424 'l'beorie
809 3373 855 3425 des
878 3372 937 3428 Lat.
963 3373 1026 3425 sun
1046 3389 1071 3439 p.
1089 3372 1149 3430 545.

143 3443 241 3494 tentiae
270 3442 395 3509 collocata
423 3447 490 3492 sunt.
529 3442 621 3493 Possis
671 3441 797 3493 Nimirum
816 3443 893 3493 etism
914 3443 939 3492 in
957 3442 1051 3493 tatibus
1070 3458 1149 3495 vocu-

145 3516 233 3562 autem
255 3509 350 3560 iterare
378 3511 511 3575 superiora
542 3513 622 3560 ἔπειτ·
672 3512 753 3562 larum
772 3512 814 3560 vis
825 3510 887 3562 naec
906 3516 956 3575 est,
974 3517 1003 3562 ut
1015 3513 1151 3577 superiora

143 3576 622 3645 πῶςσυχνὸνἑπιμένειχρόνοιεοετεε
672 3580 816 3630 confirmari
851 3580 1002 3646 significent.
1051 3582 1150 3634 Dicitur

144 3646 249 3712 quidem
269 3645 330 3696 baec
351 3647 509 3711 cogitatione
527 3662 622 3698 conne-
670 3663 734 3700 vero
770 3653 842 3714 σῶμα
877 3649 1007 3714 συμπεσὸν
1044 3652 1149 3703 omnino

145 3714 332 3766 ctendasunt.
375 3714 442 3766 Nam
460 3715 623 3766 Heindor-
672 3732 792 3783 corpus
826 3720 1028 3784 collapsum,
1066 3734 1150 3784 neque

145 3781 244 3843 tium,
267 3783 309 3846 qni
334 3783 412 3835 verba
434 3784 470 3833 ita
493 3783 622 3836 distinxit:
673 3801 739 3851 opus
758 3792 813 3849 ert,
837 3792 865 3837 nt
888 3787 921 3838 de
941 3803 1051 3852 corpore
1069 3801 1149 3838 exen-

142 3847 301 3916 τελευτήσῃ,
324 3850 368 3900 nat
390 3853 417 3901 tr
440 3851 552 3920 τοιαύτῃ
570 3851 623 3918 ὥρᾳ
673 3861 760 3906 tereto
786 3871 844 3907 curu
867 3854 1022 3906 Fischero
1047 3854 1148 3918 cogite·

143 3917 190 3967 eet
215 3915 281 3967 πάνυ
304 3918 388 3983 μάλα,
404 3935 496 3985 nemo,
521 3922 622 3986 opinor,
673 3938 740 3977 mus.
775 3924 829 3976 Sed
847 3929 919 3988 σῶμα
938 3924 1095 3990 rumpentis
1111 3921 1150 3971 in·
1181 3950 1186 3963 ι

145 3982 246 4035 audiet.
290 3984 409 4040 Ceterum
445 3990 623 4041 Danierins
674 3992 798 4058 telligitnr
837 4006 966 4056 corpus
1009 3987 1150 4040 medior·

144 4056 172 4103 ἰν
208 4048 319 4116 sauny,
350 4053 403 4123 ὅρα
438 4059 624 4125 interpretatur
674 4067 748 4124 tum,
768 4061 792 4111 b.
809 4077 831 4112 e.
852 4061 985 4113 conditum
1003 4055 1151 4108 medicami-
1250 4076 1256 4090 ι

144 4121 207 4172 hac
225 4123 622 4199 tempestate'praessntb
670 4131 756 4182 nibus.
781 4146 805 4182 v.
829 4124 993 4182 Herodot.
1012 4125 1045 4176 ΙΙ.
1064 4119 1098 4179 86
1117 4152 1148 4165 -

1196 4240 1276 4340 Δ
