2604 4620
390 275 446 338 SY
457 276 490 339 M
502 274 700 340 POSiUM.
725 297 756 358 p.
777 277 840 338 209
862 277 909 346 St.
1093 279 1156 342 151

145 454 220 528 νίας
252 452 372 519 τίκτειν
405 473 440 517 τε
472 452 529 517 καὶ
559 450 681 532 γεννᾶν
707 443 770 533 ἤδη
797 454 965 538 ἐπιθυμεῖ.
991 452 1080 533 ζητεῖ
1104 448 1154 536 δή,
1230 529 1233 535 ,

148 549 258 637 οἶμαι,
293 554 349 618 καὶ
379 541 478 629 οὗτος
510 545 645 635 περιιὼν
665 545 704 617 τὸ
732 547 835 618 κἀλόν
858 559 894 619 ιν
918 540 945 636 ᾧ
970 547 1014 619 ἂν
1039 549 1155 637 γεννή-

146 671 250 720 σειεν·
276 657 311 719 ἐν
337 653 383 734 τῷ
408 646 473 738 γὰρ
509 653 634 736 αἰσχρῷ
668 646 824 718 οὐδέποτε
853 648 1013 737 γεννήσει.
1044 650 1086 721 ια’
1119 679 1155 724 τε
1217 674 1221 681 ’

146 741 208 821 οὖν
234 747 371 837 σώματα
406 748 448 818 τὰ
482 748 573 818 καλά’
594 753 724 836 μᾶλλον
749 747 770 833 ἢ
796 747 838 818 τὰ
864 749 985 839 αἰσχρὰ
1012 752 1155 837 ἀσπάζε-

145 878 204 921 ται
227 848 288 919 ἅτε
313 853 417 932 κυεῖν,
449 858 505 919 καὶ
538 848 598 935 inin
633 850 751 946 ἐντύχῃ
777 855 867 946 ψυχῇ
891 855 976 946 καλῇ
1001 859 1057 922 καὶ
1080 881 1155 941 γεν-

145 959 226 1038 ναίᾳ
249 955 306 1020 καὶ
330 949 460 1042 εὐφυεῖ,
493 948 582 1020 πάνυ
608 949 649 1035 δὴ
674 949 859 1036 ἀσπάζεται
884 950 920 1020 τὸ
947 953 1154 1048 §cooperitur

144 1079 223 1140 ρον,
251 1056 308 1119 καὶ
333 1048 418 1140 πρὸς
443 1056 564 1121 τοῦτον
590 1049 651 1120 τὸν
675 1049 867 1141 ἄνθρωπον
888 1050 997 1134 εὐθὺς
1020 1055 1153 1145 εὐπορεῖ

143 1151 251 1240 λόγων
276 1156 351 1239 περὶ
375 1152 497 1239 ἀρετῆς
522 1157 578 1221 καὶ
605 1157 679 1241 περὶ
706 1153 780 1222 οἷον
802 1150 866 1242 χρὴ
893 1151 978 1223 εἶναι
1004 1154 1065 1225 τὸν
1091 1151 1153 1228 ἄν·
1179 1161 1207 1227 G

144 1258 207 1344 ‹ipu
233 1250 295 1323 τὸν
319 1250 532 1340 ἀγαθὸνκαὶ
550 1251 573 1322 ἃ
596 1254 806 1339 ἐπιτηδεύειν,
833 1259 889 1324 καὶ
904 1262 1059 1345 ἐπιχειρεῖ
1073 1283 1152 1327 παι·

141 1450 246 1505 Baetice
263 1456 359 1503 narrat.
395 1451 430 1503 Et
447 1451 485 1503 ric
504 1452 582 1504 etiam
601 1450 759 1506 Fior.b.i.u.
796 1452 824 1505 ln
843 1451 984 1504 Fior.e.c.
1006 1459 1045 1504 εει
1063 1446 1082 1518 εἶ
1097 1467 1151 1520 υνυ-

136 1520 190 1583 ’χῆν
210 1525 284 1578 θεῖος
301 1517 343 1568 ὤν.
380 1520 433 1571 Pro
457 1523 583 1584 ἐπιθυμεῖ
604 1519 693 1584 steph.
717 1518 784 1573 coni·
809 1523 943 1587 ἐπιθυμῇ,
968 1529 1023 1574 totu
1040 1523 1150 1589 periodo

142 1589 179 1640 ric
196 1587 356 1643 conformata
373 1615 409 1628 -
425 1589 474 1654 ἤδη
492 1591 626 1653 ἐπιθυμῇ,
646 1587 717 1654 ζητεῖ
732 1587 766 1654 δή
783 1608 804 1639 ιι.
823 1607 847 1639 τ.
867 1591 890 1643 λ.

212 1657 242 1707 Β.
277 1658 308 1706 ἐν
326 1661 368 1724 τῷ
385 1655 443 1723 γὰρ
465 1657 598 1726 αἰσχρῷ]
617 1659 643 1707 ἰν
660 1656 709 1724 γὰρ
727 1663 762 1727 τῷ
780 1659 875 1726 αἰσχρῷ
895 1657 986 1709 Pat.K
1008 1658 1096 1724 νειμ.

138 1793 161 1846 V
209 1721 394 1785 ἀσπάζεται
416 1725 471 1776 ὅτε
495 1725 591 1794 eumn]
616 1723 684 1776 εὕων
702 1723 1150 1794 Bodt.vat.A.Par.DK.anp.w.

162 1799 197 1845 et.
227 1831 233 1846 .
1169 1814 1172 1819 ·

206 1810 289 1912 Ξάνυ
310 1859 345 1925 δὴ
373 1859 572 1928 ἀσπάζεται]
595 1861 743 1914 Scirieierm.
770 1864 880 1915 malebat
897 1864 941 1927 ii,
966 1879 1017 1929 qiro
1040 1864 1151 1917 munife-

82 1938 88 1955 ‘
140 1933 206 1987 atina
223 1933 297 1983 fieret
313 1930 471 1996 gradationis
497 1932 640 1983 artificium.
677 1932 837 1990 Advereatue
859 1938 900 1984 εει
916 1933 1004 1984 Aetius
1031 1932 1071 1985 hie
1088 1949 1148 1987 ver-

140 2003 180 2054 bie
197 1999 322 2068 apodorin
340 2000 463 2052 contineri
480 2015 596 2052 moneue.
633 2000 717 2052 Abest
733 1999 765 2066 δή
783 2018 797 2054 a
817 2002 879 2052 Veu.
891 2001 919 2053 Ξ.
940 2017 978 2070 pr.

207 2065 348 2135 καὶπερὶ
365 2063 439 2120 οἷον
455 2067 534 2139 χρή]
554 2067 643 2136 Steptr.
656 2076 724 2137 post.
741 2072 801 2136 περί
817 2071 924 2137 putabat
942 2071 1070 2128 excidisse
1088 2077 1147 2124 τοῦ.

141 2140 195 2192 Αει
215 2138 277 2207 περι
293 2135 429 2189 delendum
449 2139 580 2191 censebat.
599 2139 726 2190 Sommer¹
747 2140 814 2191 coni.
831 2139 889 2207 περὶ
908 2138 966 2190 οῗσυ
981 2139 1041 2208 χρή.
1076 2140 1148 2195 Vne-

111 2232 115 2239 ·
138 2209 240 2279 getiuue
259 2208 314 2256 οἷον
332 2208 540 2276 promascutiuo
562 2214 590 2259 et
605 2207 722 2261 rabiente
742 2208 814 2261 verbi
832 2208 900 2262 εἶναι
916 2208 1002 2264 habet.

138 2396 203 2446 ypa.
251 2373 453 2428 Transieruntur
481 2375 549 2428 enirn
579 2375 620 2428 hie
670 2393 749 2430 vero
772 2379 870 2444 piane
894 2383 1086 2444 utrumque,
1116 2384 1148 2431 ει

139 2442 274 2499 omniaud
298 2445 519 2509 emmennone
543 2450 620 2497 autea
670 2462 796 2512 oorpue
839 2451 870 2498 et
905 2447 1043 2498 animum
1078 2449 1150 2512 pui-

140 2516 174 2568 de
200 2528 329 2580 corporea
362 2515 531 2578 generatione
559 2520 619 2566 eunt
669 2530 771 2579 orum,
795 2515 1022 2581 ampiectitur.
1057 2514 1151 2582 Neque

140 2585 266 2651 exposita.
310 2581 451 2648 Superest,
481 2589 511 2635 ut
538 2583 619 2635 verbo
670 2586 736 2637 euim
762 2581 795 2648 διῐ
816 2585 842 2636 in
867 2583 904 2635 hie
929 2590 971 2637 εει
1000 2585 1150 2648 seilicet,
1248 2627 1253 2641 ,

140 2666 294 2708 moneamus
320 2650 353 2703 de
377 2653 526 2703 coniectura
546 2652 619 2704 Ste-
669 2670 803 2720 nempe,
834 2660 863 2705 υι
893 2654 1000 2720 putebat
1023 2653 1149 2716 natiue,

139 2723 250 2791 phuni,
281 2720 324 2785 qui
353 2722 490 2786 legendum
519 2721 620 2787 putavit
669 2723 716 2775 aed
736 2723 848 2789 positum
871 2729 913 2773 εει
934 2729 964 2774 ιιι
986 2724 1012 2774 in
1029 2722 1149 2775 iormniie

138 2796 276 2855 ἂπιθυμῇ,
302 2790 338 2840 ita
362 2798 392 2840 ut
409 2791 532 2857 apoduein
550 2789 621 2841 ordi·
670 2795 737 2844 ivon
754 2789 800 2854 δή,
818 2795 937 2841 ἐνταῦθα
956 2789 1005 2854 δή,
1024 2791 1086 2843 τότε
1104 2789 1148 2855 δή,

139 2867 211 2911 retur
221 2858 281 2909 iude
299 2873 315 2907 a
333 2858 417 2907 verbio
436 2859 507 2922 ζητεῖ
518 2856 561 2922 δή,
579 2857 619 2908 oi·
641 2908 644 2913 ,
671 2869 748 2926 atque
765 2859 874 2911 refertur
886 2858 918 2910 ad
929 2874 1084 2925 praegressa
1103 2861 1149 2912 ina

140 2947 203 2995 μαι,
224 2944 287 2977 m.
307 2924 329 2976 i.
365 2931 400 2976 Αι
424 2927 490 2976 enim
515 2941 548 2978 ue
573 2925 619 2978 hac
669 2927 714 2979 ἐὰν
731 2926 824 2997 ἐντύχῃ
842 2932 911 2993 ψυχῇ
926 2927 999 2991 καλῇ.

138 2995 240 3062 quidem
252 2992 398 3057 indigemus
412 2995 563 3058 mutatione,
582 2995 619 3045 ri-

137 3064 242 3132 qnidem
272 3064 316 3111 καί
343 3069 403 3113 ante
433 3059 544 3127 ἡκούσης
568 3077 620 3113 nou
654 3076 658 3085 ·
704 3063 757 3113 aui
782 3059 862 3125 πρὸς
885 3057 1150 3114 recreationis-

140 3133 219 3186 hubet
241 3131 292 3181 vim
318 3131 471 3196 copulandi,
496 3130 542 3184 eed
560 3146 619 3182 cum
672 3130 821 3199 opauco]
853 3131 935 3184 ΙιιιεΙΙ.
966 3129 1045 3182 καλὸν
1065 3131 1148 3186 τότε

140 3209 213 3266 tote,
240 3214 307 3264 uuae
326 3201 454 3263 sequitur,
481 3200 619 3251 verborum
670 3206 744 3266 σῶμα
768 3201 813 3250 aui
842 3199 890 3264 τὴν
911 3199 1007 3267 ψυχήν.
1047 3199 1150 3255 Deinde

140 3267 369 3336 comprehensione
391 3269 533 3320 arctieeime
557 3284 620 3320 con-
670 3264 746 3320 ac'ribi
776 3272 913 3322 votuerunt
945 3269 988 3330 aut
1015 3269 1074 3335 περὶ
1099 3276 1149 3322 τοῦ

139 3337 294 3393 nectendum
311 3342 361 3400 eet,
379 3338 454 3402 quasi
470 3337 562 3389 Latine
579 3337 620 3388 di·
669 3332 726 3388 οἷον
742 3336 791 3405 χρὴ
810 3337 885 3402 εἶναι,
904 3344 948 3390 εει
965 3339 1011 3388 καὶ
1025 3336 1082 3392 οἷοι
1098 3337 1149 3408 χρὴ

140 3425 198 3461 caea
224 3407 335 3458 horum
364 3405 468 3472 igitur
492 3407 519 3458 εἰ
545 3406 620 3470 quie
671 3406 746 3458 eirea.
780 3406 838 3458 Non
857 3423 924 3474 opue
942 3414 982 3459 εει
995 3409 1150 3464 mutatione.
1239 3418 1246 3428 “

140 3495 156 3530 a
176 3491 279 3544 puero
302 3489 489 3542 praegnans
514 3482 564 3526 εει
581 3472 620 3526 ad
670 3475 736 3529 Nam
759 3474 954 3540 airaimian
978 3484 1020 3529 εει
1040 3479 1070 3530 in
1089 3479 1151 3530 ati·

140 3548 296 3608 animum,
323 3545 445 3610 quippe
477 3543 620 3608 divinue,
671 3561 731 3611 qua
754 3560 786 3595 re
817 3545 994 3598 tractanda
1017 3546 1151 3600 versari

141 3615 241 3666 etiam
261 3614 552 3680 appropinquante
570 3629 621 3664 ne·
672 3616 710 3679 (v.
731 3614 764 3665 ad
783 3612 894 3667 Phaedr.
913 3632 937 3683 p.
956 3613 1015 3671 261.
1035 3614 1095 3682 Α),
1121 3620 1152 3666 ut

141 3681 621 3750 tuaequaepartendoetge-
671 3683 798 3734 uenientia
834 3684 969 3736 verborum
1005 3683 1069 3735 haec
1103 3683 1150 3734 eit:

106 3802 108 3807 ,
141 3753 296 3803 neraudo
318 3753 440 3804 idonea
465 3757 517 3804 eet
543 3752 621 3813 (uam
671 3751 846 3817 punierit,
872 3753 901 3803 in
925 3768 984 3817 quo
1003 3755 1150 3802 tractau-

142 3819 191 3871 hoc
207 3825 249 3870 εει
266 3825 312 3884 τῆς
330 3820 437 3886 ἡλικίας,
459 3822 566 3873 articulo
584 3821 621 3872 rei
672 3821 711 3872 do
734 3821 862 3872 vernari
886 3820 1008 3871 debeat
1027 3820 1069 3881 ie,
1093 3819 1149 3883 qni

142 3887 261 3939 iudicium
281 3888 414 3955 faciente),
432 3905 621 3956 purerege-
672 3890 747 3941 boui
774 3890 836 3940 viri
860 3903 972 3938 nomeu
991 3893 1023 3938 et
1041 3887 1149 3951 digni·

141 3957 620 4022 etitatquegeuerure.Quae-
671 3964 770 4009 tatem
791 3957 1052 4030 obtinereveiit.
1084 3956 1151 4008 Per·

142 4027 189 4078 rit
221 4024 319 4090 igitur
341 4034 390 4078 etc.
429 4029 513 4080 Erunt
533 4035 621 4080 tamen
671 4043 758 4094 peram
778 4031 833 4075 οἱον
852 4040 900 4090 pro
918 4025 1150 4078 maacuiinoacce·

142 4094 184 4161 qui
201 4097 245 4144 aut
262 4091 400 4148 delendum
418 4105 549 4150 censeant.
670 4104 763 4163 perunt
787 4101 814 4146 et
836 4093 860 4143 in
884 4097 1030 4147 structurae
1059 4093 1150 4148 Ιιεεεε·

173 4159 264 4214 uu'eu
284 4159 320 4226 ii
340 4159 534 4235 ἀσπάζεται]
554 4172 618 4218 ιυιιι
669 4169 729 4216 runt
746 4161 923 4216 conversione.
