2604 4620
393 233 602 296 PHAEDO,
627 254 656 312 p.
677 237 727 297 eu.
750 232 794 296 st.

81 409 222 492 μοῦντες
247 411 394 486 ἐκείνων,
418 402 528 472 ἄλλων
560 403 739 490 ἀπέχονται
773 403 829 471 ὑπ’
869 400 979 472 ἄλλων
1013 431 1092 492 κρα·

83 509 246 596 τούμενοι.
280 513 389 573 καίτοι
421 509 561 572 καλοῦσί
597 532 632 587 γε
659 504 843 572 ἀκολασίαν
870 505 908 571 τὸ
935 502 1000 573 ὑπὸ
1029 510 1094 574 τῶν
1114 520 1157 578 (itt

82 606 211 689 ἡδονῶν
231 603 417 694 ἄρχεσθαι·
443 603 519 670 ἀλλ’
556 601 644 690 ὅμως
676 606 845 689 ξυμβαίνει
870 602 986 683 αὐτοῖς
1012 633 1093 689 κρα-

1056 235 1098 294 (ld

83 712 253 794 σωομένοις
278 705 343 795 ὑφ’
371 703 506 786 ἡδονῶν.
528 720 661 792 κρατεῖν
687 701 796 770 ἄλλων
825 703 964 787 ἡδονῶν.
991 710 1116 782 τοῦτο,
1142 717 1154 725 “

82 806 115 874 δ’
147 804 266 893 ὅμοιόν
294 813 382 872 ἐστιν
408 797 433 887 ᾧ
461 808 521 869 νῦν
549 803 588 884 δὴ
615 809 738 888 ἐλέγετο
754 853 762 882 ,
788 809 834 888 τῷ
864 804 990 888 τρόπον
1017 801 1091 871 τινά

82 906 125 975 δι’
164 907 351 973 ἀκολασίαν
385 901 508 982 αὐτοὺς
540 908 823 994 σεσωφρονίσθαι.
877 902 982 970 Ἔοικε
1019 904 1092 990 γάρ.

86 1008 118 1073 Ω
155 1005 298 1091 μακάριε
335 1005 487 1088 Σιμμία,
525 1001 569 1086 μὴ

604 1003 669 1089 γάρ
707 1003 765 1088 οὐχ
791 1000 876 1083 αὕτη
905 994 923 1095 ᾗ
951 1002 970 1083 ἡ
998 1002 1092 1090 ὀρθὴ

82 1108 167 1193 πρὸς
194 1101 317 1192 ἀρετὴν
343 1101 481 1183 άλλαμή,
507 1099 631 1182 ἡδονάς
657 1101 741 1187 πρὸς
766 1100 891 1182 ἡδονάς
907 1107 961 1169 καί
984 1102 1092 1180 λύπας

80 1202 167 1292 πρὸς
181 1203 286 1279 λύπας
304 1207 358 1268 καὶ
373 1200 483 1292 φόβον
500 1198 583 1289 πρὸς
594 1199 702 1293 φόβον
718 1201 1023 1279 καταλλάττεσθαι,
1036 1209 1090 1269 καὶ

81 1307 173 1391 μείζω
190 1299 274 1392 πρὸς
289 1299 423 1382 ἐλάττω,
439 1299 543 1387 ὥςπερ
561 1308 760 1388 νομίσματα,
777 1300 852 1368 ἀλλ’
877 1293 1013 1394 ρ’]ἐκεῖνο
1031 1301 1091 1386 μό-

81 1429 141 1472 νον
158 1401 196 1470 τὸ
212 1399 358 1490 νόμισμα
375 1400 496 1490 ὀρθόν,
515 1401 601 1487 ἀνθ’
633 1397 672 1470 οὗ
689 1406 737 1469 δεῖ
752 1399 888 1469 ἅπαντα
909 1406 1014 1467 ταῦτα
1032 1429 1091 1468 κα-

83 1501 354 1580 ταλλάττεσθαι,
381 1502 551 1592 φρόνησις,
579 1507 634 1570 καὶ
661 1501 782 1570 τούτου
808 1507 869 1588 μὲν
894 1500 1007 1569 πάντα
1034 1508 1090 1569 καὶ
1121 1512 1143 1568 Β

49 1600 53 1608 ’
81 1601 162 1690 μετὰ
190 1600 313 1681 τούτου
339 1600 511 1689 ὠνούμινά
537 1629 571 1669 τε
597 1607 652 1670 καὶ
677 1602 928 1690 πιπρασκόμενα
956 1607 1002 1688 τῷ
1016 1600 1090 1671 ὄντι

152 1867 183 1918 P.
202 1865 243 1919 οε.
278 1844 315 1930 με
340 1866 401 1934 rie
426 1866 487 1929 σεχ
510 1864 593 1930 ιιι,
611 1860 648 1933 ε]
675 1865 725 1932 ,aq
750 1867 866 1917 ananum
889 1883 903 1917 e
927 1867 1002 1917 son.
1021 1868 1091 1921 uus,

82 1934 146 1988 Ven.
164 1934 200 1987 ΙΙ.
219 1934 300 1986 Vind·
313 1937 346 1983 Φ.
365 1938 423 1988 Par.
443 1938 476 1986 G.
495 1936 584 1985 Ambr.
603 1936 672 1985 Flor.
692 1935 717 1984 d.

82 2048 111 2118 Π
142 2001 230 2121 {ange
255 2002 376 2069 ἀρετὴν
401 2003 543 2069 ἀλλαγή]
569 2005 632 2054 Voc.
655 2001 751 2067 ἀλλαγὴ
782 2001 897 2084 additum
917 2019 931 2054 e
951 2003 1009 2055 Vat.
1030 2004 1092 2055 Ven.
1171 2048 1174 2055 .

82 2072 1093 2206 aallttlnlt‘nffutffilbilii²¹14.ladam·⁰e¹¹¹¹³⁰³¹¹l¹¹b¹

148 2205 278 2258 ἅπαντα
296 2213 419 2270 ταῦτα]
440 2210 485 2260 sic
503 2210 580 2262 Bodl.
602 2211 663 2262 Veu.
684 2209 720 2258 .ll
744 2209 812 2260 Tub.
827 2208 896 2262 vett.
916 2210 987 2263 editt.
1007 2209 1092 2260 πάιιιι

48 2280 52 2286 ’
80 2279 173 2328 ταῦτα.

117 2442 198 2498 Ρ.69.
217 2443 257 2511 μὴ
278 2444 410 2515 γὰροιλχ
426 2447 559 2513 alirn-1

82 2513 212 2564 Particula
236 2513 286 2583 γὰρ
311 2518 422 2568 retertur
448 2518 479 2567 ad
502 2534 562 2569 sen-

82 2583 187 2633 tentiam
207 2599 239 2633 ex
256 2587 379 2635 orationis
390 2587 457 2636 serie
469 2603 570 2637 eruen-x

82 2650 150 2702 dam.
187 2650 277 2702 Possis
294 2654 451 2719 intelligere:
483 2655 508 2706 N
515 2657 560 2706 oli

82 2717 164 2770 harre
190 2722 353 2772 sentiendi
379 2723 561 2787 agendique

82 2787 249 2839 rationem
287 2790 443 2853 probare:
488 2791 561 2843 vide

83 2855 180 2918 enim,
206 2871 248 2906 ne
271 2857 346 2907 baec
371 2874 431 2908 non
451 2860 495 2909 sit
513 2876 561 2910 re-

84 2930 136 2975 cta
158 2922 197 2973 ed
221 2924 378 2974 virtutem
408 2927 494 2989 quod
519 2934 561 2977 at-

83 2993 173 3042 tin'et
197 2993 421 3053 permutatio,
446 3001 480 3042 ut
512 3010 563 3044 vo-

83 3062 241 3118 luptates
278 3072 348 3105 cum
377 3061 564 3122 voluptati-

86 3127 147 3174 bus
182 3148 217 3157 -
253 3129 500 3172 commutemus.
542 3141 566 3174 v.

84 3189 289 3242 Lambertus
321 3189 394 3238 Bos.
425 3190 504 3256 Elips.
539 3209 565 3256 p.

83 3257 137 3314 809
168 3272 224 3320 sqq.
252 3257 292 3309 ed.
322 3257 453 3310 Sclmeser.
484 3260 565 3324 Wyt·

84 3325 301 3388 tenbacbius,
334 3342 408 3390 quum
441 3344 483 3378 res
512 3344 563 3379 non

86 3396 174 3446 viam
201 3394 358 3456 virtutis,
391 3396 439 3446 sed
464 3398 562 3448 virtu-

86 3474 150 3516 tem
176 3462 277 3527 ipsam
302 3463 435 3526 requirere
460 3466 562 3516 videre-

86 3540 135 3593 tur,
154 3547 201 3594 pro
220 3537 270 3582 vet.
286 3532 346 3580 lect.
370 3529 383 3594 ἡ
403 3531 475 3597 ὀρθὴ
496 3534 564 3598 πρὸς

86 3598 191 3666 clateris,
215 3596 308 3661 ἡδονὰς
326 3618 368 3661 πρ.
388 3598 429 3662 ἡδ.
449 3603 563 3651 scriben-

88 3670 146 3718 dum
161 3668 261 3717 censuit
281 3665 378 3735 ἤόρθι)
392 3667 482 3734 ἀρετή,
501 3669 563 3732 ἡδο-

87 3735 132 3790 νὰς
159 3733 226 3798 πρὸς
256 3733 297 3798 ἠδ.
328 3756 351 3789 κ.
375 3756 399 3788 τ.
424 3737 446 3788 λ.
488 3739 566 3789 Quod

88 3805 186 3855 etiamsi
205 3805 350 3855 accuratius
374 3805 469 3855 dictum
489 3807 566 3863 soret,

86 3871 145 3922 ferri
164 3877 249 3922 tamen
267 3874 399 3936 vulgatum
419 3882 525 3938 posset,
545 3877 566 3925 si

86 3940 143 3990 libri
162 3955 252 3990 omnes
265 3941 326 3992 illud
343 3949 491 3999 constanter
509 3951 566 3993 tue-

86 4013 183 4059 rentur.
218 4008 293 4059 Nunc
305 4025 376 4069 vero,
393 4025 472 4074 quum
492 4013 566 4063 multi

68 4119 71 4123 .
86 4074 164 4128 cedd.
184 4077 299 4142 optimae
308 4084 386 4130 notae
399 4085 460 4145 pust
471 4078 567 4148 ἀρετὴν

613 2448 709 2500 addant
744 2445 856 2511 dilnyq',
900 2446 969 2510 quod
1006 2449 1090 2510 ipsum

613 2519 692 2569 etiam
728 2515 928 2566 lamblichus
966 2514 990 2563 iu
1026 2514 1090 2563 libro

612 2602 660 2636 suo
681 2584 783 2645 babuit3
804 2600 855 2633 non
869 2582 1038 2633 dubitavimus
1050 2597 1091 2632 re-

613 2656 714 2719 cipere,
735 2652 804 2715 quud
823 2651 966 2703 sententiae
986 2649 1091 2700 rationi-

612 2724 662 2774 bus
682 2721 776 2785 qptime
796 2720 943 2780 σοιινειείτε,
962 2719 994 2768 ab
1014 2719 1092 2768 libra·

613 2790 657 2842 riis
676 2797 760 2841 autem
786 2792 866 2839 multo
889 2787 987 2837 facilius
1012 2786 1093 2835 deleri

613 2874 689 2922 quam
716 2856 774 2906 addi
804 2858 921 2920 potuisse
950 2854 1093 2905 videbatur.

615 2928 736 2976 Ceterum
765 2926 835 2973 verbi
863 2920 1094 2970 καταλλάττεσθαι
1125 2934 1128 2938 “
1164 2966 1167 2971 ,

612 3007 687 3042 usum
707 2992 831 3053 exemplis
854 2989 988 3039 illustravit
1006 2987 1036 3034 W
1043 2993 1092 3048 yt-

614 3055 762 3108 tenbacb.
781 3057 813 3105 ad
832 3056 855 3106 Ιι,
869 3058 885 3103 l.
905 3055 943 3101 De
957 3052 1092 3116 praeposi·

615 3126 686 3174 tione
703 3120 761 3169 dini
778 3137 834 3171 cum
851 3118 995 3170 huiusmodi
1009 3118 1093 3175 verbis

616 3190 752 3241 coniuncta
765 3204 787 3241 v.
803 3189 953 3239 Piersun.
965 3187 996 3237 ad
1008 3186 1092 3240 Moer.

616 3277 641 3326 p.
668 3257 716 3310 155
743 3258 795 3321 sq(
830 3257 954 3307 Ceterum
985 3255 1091 3318 ridetur,

614 3328 721 3394 opinor,
742 3325 791 3376 buc
809 3328 865 3376 loco
887 3326 1013 3376 sententia
1033 3326 1091 3375 Ari-

613 3397 692 3462 stippi
711 3395 852 3459 Cyrenaici,
872 3395 959 3444 multis
979 3402 1044 3454 tum,
1063 3401 1091 3444 ut

613 3466 728 3526 uidetur,
748 3465 867 3528 probata,
886 3479 952 3527 quae
970 3464 1091 3514 virtutem

613 3533 742 3585 referebat
769 3533 800 3582 ad
826 3531 989 3596 prudentiam
1009 3547 1119 3595 quam,

614 3603 672 3652 dam
688 3602 822 3664 tranquille
834 3602 961 3664 beateque
979 3601 1089 3663 vivendi,

614 3671 725 3734 ideoque
737 3671 879 3735 sapientem
893 3669 998 3719 iubebat
1012 3684 1090 3732 quam

617 3741 728 3790 maxime
746 3739 840 3789 sectari
853 3738 920 3788 vitae
938 3738 1091 3788 suavitatem

617 3815 694 3872 atque
716 3807 909 3858 iucunditatem.
936 3822 961 3859 v.
980 3807 1089 3868 Protag.

618 3894 642 3940 p·
657 3875 707 3929 354
721 3877 758 3927 .C.
769 3873 828 3928 356.
842 3874 875 3926 B.
893 3873 992 3925 Phileb.
1009 3888 1035 3936 p.
1048 3869 1091 3922 53.

618 3946 647 3995 C.
667 3945 709 3998 54.
727 3944 758 3993 Ι).
776 3944 862 4008 ibique
880 3957 940 3991 ann.

653 4014 683 4066 B.
719 4007 888 4076 ὠνοάμινά
913 4027 945 4057 τι
971 4003 1023 4052 καὶ
1041 4019 1092 4052 ττι.

617 4077 829 4149 πρασκάμενοι
855 4097 878 4126 τ.
903 4075 927 4126 ὅ.
951 4067 982 4136 ᾗ]
1019 4070 1042 4124 b.
1067 4087 1090 4124 e.

1158 4204 1236 4336 ι,
