<?xml version="1.0" encoding="UTF-8"?>
<!DOCTYPE html PUBLIC "-//W3C//DTD XHTML 1.0 Transitional//EN"
    "http://www.w3.org/TR/xhtml1/DTD/xhtml1-transitional.dtd">
<html xmlns="http://www.w3.org/1999/xhtml" xml:lang="en" lang="en">
 <head>
  <title>
</title>
<meta http-equiv="Content-Type" content="text/html;charset=utf-8" />
  <meta name='ocr-system' content='tesseract 3.04.00' />
  <meta name='ocr-capabilities' content='ocr_page ocr_carea ocr_par ocr_line ocrx_word'/>
</head>
<body>
  <div class='ocr_page' id='page_1' title='image "./platonisoperaom00stalgoog_0031.png"; bbox 0 0 2604 4620; ppageno 0'>
   <div class='ocr_carea' id='block_1_1' title="bbox 160 224 838 311">
    <p class='ocr_par' dir='ltr' id='par_1_1' title="bbox 160 224 838 311">
     <span class='ocr_line' id='line_1_1' title="bbox 160 224 838 311; baseline 0.001 -2"><span class='ocrx_word' id='word_1_1' title='bbox 160 224 182 309; x_wconf 80' lang='grc'><strong>6</strong></span> <span class='ocrx_word' id='word_1_2' title='bbox 500 258 504 265; x_wconf 94' lang='grc'><strong><em>·</em></strong></span> <span class='ocrx_word' id='word_1_3' title='bbox 549 232 838 311; x_wconf 80' lang='lat' dir='ltr'><strong>PRAEFATIO</strong></span> 
     </span>
    </p>
   </div>
   <div class='ocr_carea' id='block_1_2' title="bbox 90 414 1189 3855">
    <p class='ocr_par' dir='ltr' id='par_1_2' title="bbox 90 414 1189 3855">
     <span class='ocr_line' id='line_1_2' title="bbox 159 414 1176 503; baseline 0.004 -24"><span class='ocrx_word' id='word_1_4' title='bbox 159 415 242 492; x_wconf 83' lang='lat' dir='ltr'>titis3</span> <span class='ocrx_word' id='word_1_5' title='bbox 257 436 362 499; x_wconf 91' lang='lat' dir='ltr'>neque</span> <span class='ocrx_word' id='word_1_6' title='bbox 372 414 458 480; x_wconf 91' lang='lat' dir='ltr'>enim</span> <span class='ocrx_word' id='word_1_7' title='bbox 468 416 622 503; x_wconf 86' lang='lat' dir='ltr'>exiguum</span> <span class='ocrx_word' id='word_1_8' title='bbox 636 416 708 495; x_wconf 89' lang='lat' dir='ltr'>hoc,</span> <span class='ocrx_word' id='word_1_9' title='bbox 723 416 810 502; x_wconf 88' lang='lat' dir='ltr'>quod</span> <span class='ocrx_word' id='word_1_10' title='bbox 822 414 902 480; x_wconf 88' lang='lat' dir='ltr'>mihi</span> <span class='ocrx_word' id='word_1_11' title='bbox 916 427 1075 502; x_wconf 89' lang='lat' dir='ltr'>superest,</span> <span class='ocrx_word' id='word_1_12' title='bbox 1089 417 1176 484; x_wconf 80' lang='lat' dir='ltr'>vitoe</span> 
     </span>
     <span class='ocr_line' id='line_1_3' title="bbox 160 499 1176 588; baseline 0.002 -22"><span class='ocrx_word' id='word_1_13' title='bbox 160 513 288 585; x_wconf 88' lang='lat' dir='ltr'>tempus</span> <span class='ocrx_word' id='word_1_14' title='bbox 302 499 415 565; x_wconf 86' lang='lat' dir='ltr'>melius</span> <span class='ocrx_word' id='word_1_15' title='bbox 433 500 589 567; x_wconf 87' lang='lat' dir='ltr'>collocare</span> <span class='ocrx_word' id='word_1_16' title='bbox 627 503 738 581; x_wconf 87' lang='lat' dir='ltr'>ossim,</span> <span class='ocrx_word' id='word_1_17' title='bbox 760 523 857 587; x_wconf 87' lang='lat' dir='ltr'>quam</span> <span class='ocrx_word' id='word_1_18' title='bbox 878 500 960 566; x_wconf 90' lang='lat' dir='ltr'>side</span> <span class='ocrx_word' id='word_1_19' title='bbox 974 500 1036 568; x_wconf 89' lang='lat' dir='ltr'>hoc</span> <span class='ocrx_word' id='word_1_20' title='bbox 1049 502 1176 588; x_wconf 83' lang='lat' dir='ltr'>gravis·</span> 
     </span>
     <span class='ocr_line' id='line_1_4' title="bbox 161 584 1127 685; baseline 0.001 -34"><span class='ocrx_word' id='word_1_21' title='bbox 161 586 241 651; x_wconf 88' lang='lat' dir='ltr'>simo</span> <span class='ocrx_word' id='word_1_22' title='bbox 255 594 447 670; x_wconf 85' lang='lat' dir='ltr'>argumento</span> <span class='ocrx_word' id='word_1_23' title='bbox 462 585 542 685; x_wconf 77' lang='lat' dir='ltr'>quid</span> <span class='ocrx_word' id='word_1_24' title='bbox 555 586 600 651; x_wconf 90' lang='lat' dir='ltr'>mi</span> <span class='ocrx_word' id='word_1_25' title='bbox 625 587 633 602; x_wconf 84' lang='lat'><strong><em>‘</em></strong></span> <span class='ocrx_word' id='word_1_26' title='bbox 649 587 798 652; x_wconf 84' lang='lat' dir='ltr'>videatur</span> <span class='ocrx_word' id='word_1_27' title='bbox 810 584 903 651; x_wconf 84' lang='lat' dir='ltr'>vobis</span> <span class='ocrx_word' id='word_1_28' title='bbox 916 587 1127 673; x_wconf 72' lang='lat' dir='ltr'>exponam&#39;).</span> 
     </span>
     <span class='ocr_line' id='line_1_5' title="bbox 215 667 1176 770; baseline 0.002 -38"><span class='ocrx_word' id='word_1_29' title='bbox 215 667 262 732; x_wconf 83' lang='lat' dir='ltr'>Et</span> <span class='ocrx_word' id='word_1_30' title='bbox 275 669 416 754; x_wconf 82' lang='lat' dir='ltr'>primum</span> <span class='ocrx_word' id='word_1_31' title='bbox 430 670 561 770; x_wconf 72' lang='lat' dir='ltr'>quidem</span> <span class='ocrx_word' id='word_1_32' title='bbox 574 671 741 737; x_wconf 84' lang='lat' dir='ltr'>videamus</span> <span class='ocrx_word' id='word_1_33' title='bbox 762 694 833 738; x_wconf 85' lang='lat' dir='ltr'>eam</span> <span class='ocrx_word' id='word_1_34' title='bbox 846 670 1011 748; x_wconf 84' lang='lat' dir='ltr'>rationem,</span> <span class='ocrx_word' id='word_1_35' title='bbox 1028 692 1111 754; x_wconf 90' lang='lat' dir='ltr'>quae</span> <span class='ocrx_word' id='word_1_36' title='bbox 1125 669 1176 734; x_wconf 89' lang='lat' dir='ltr'>nl-</span> 
     </span>
     <span class='ocr_line' id='line_1_6' title="bbox 160 753 1177 838; baseline 0.001 -21"><span class='ocrx_word' id='word_1_37' title='bbox 160 753 257 818; x_wconf 85' lang='lat' dir='ltr'>timae</span> <span class='ocrx_word' id='word_1_38' title='bbox 271 753 472 838; x_wconf 79' lang='lat' dir='ltr'>antiquitatis</span> <span class='ocrx_word' id='word_1_39' title='bbox 484 756 694 822; x_wconf 84' lang='lat' dir='ltr'>confirmetur</span> <span class='ocrx_word' id='word_1_40' title='bbox 705 755 896 822; x_wconf 86' lang='lat' dir='ltr'>testimonio.</span> <span class='ocrx_word' id='word_1_41' title='bbox 916 753 1081 820; x_wconf 79' lang='lat' dir='ltr'><strong>Dicuntur</strong></span> <span class='ocrx_word' id='word_1_42' title='bbox 1092 754 1177 819; x_wconf 88' lang='lat' dir='ltr'>enim</span> 
     </span>
     <span class='ocr_line' id='line_1_7' title="bbox 160 837 1177 940; baseline 0 -37"><span class='ocrx_word' id='word_1_43' title='bbox 160 837 259 903; x_wconf 88' lang='lat' dir='ltr'>animi</span> <span class='ocrx_word' id='word_1_44' title='bbox 273 839 376 904; x_wconf 83' lang='lat' dir='ltr'>nostri</span> <span class='ocrx_word' id='word_1_45' title='bbox 395 838 438 905; x_wconf 89' lang='lat' dir='ltr'>ab</span> <span class='ocrx_word' id='word_1_46' title='bbox 458 840 571 908; x_wconf 72' lang='lat' dir='ltr'>interis</span> <span class='ocrx_word' id='word_1_47' title='bbox 589 842 623 907; x_wconf 90' lang='lat' dir='ltr'>in</span> <span class='ocrx_word' id='word_1_48' title='bbox 637 841 780 907; x_wconf 84' lang='lat' dir='ltr'>humana</span> <span class='ocrx_word' id='word_1_49' title='bbox 794 863 930 926; x_wconf 84' lang='lat' dir='ltr'>corpora</span> <span class='ocrx_word' id='word_1_50' title='bbox 943 838 1123 940; x_wconf 68' lang='lat' dir='ltr'>transgredi</span> <span class='ocrx_word' id='word_1_51' title='bbox 1137 861 1177 903; x_wconf 89' lang='lat' dir='ltr'>ac</span> 
     </span>
     <span class='ocr_line' id='line_1_8' title="bbox 160 921 1176 1011; baseline 0 -25"><span class='ocrx_word' id='word_1_52' title='bbox 160 922 260 987; x_wconf 86' lang='lat' dir='ltr'>veluti</span> <span class='ocrx_word' id='word_1_53' title='bbox 279 923 313 987; x_wconf 91' lang='lat' dir='ltr'>in</span> <span class='ocrx_word' id='word_1_54' title='bbox 334 923 445 988; x_wconf 86' lang='lat' dir='ltr'>orbem</span> <span class='ocrx_word' id='word_1_55' title='bbox 464 948 505 990; x_wconf 89' lang='lat' dir='ltr'>ex</span> <span class='ocrx_word' id='word_1_56' title='bbox 523 926 635 991; x_wconf 86' lang='lat' dir='ltr'>inferis</span> <span class='ocrx_word' id='word_1_57' title='bbox 650 928 692 991; x_wconf 82' lang='lat' dir='ltr'>ed</span> <span class='ocrx_word' id='word_1_58' title='bbox 708 944 844 1011; x_wconf 90' lang='lat' dir='ltr'>superos</span> <span class='ocrx_word' id='word_1_59' title='bbox 862 937 894 991; x_wconf 86' lang='lat' dir='ltr'>et</span> <span class='ocrx_word' id='word_1_60' title='bbox 908 949 928 990; x_wconf 84' lang='lat' dir='ltr'>a</span> <span class='ocrx_word' id='word_1_61' title='bbox 941 946 1066 1010; x_wconf 81' lang='lat' dir='ltr'>superis</span> <span class='ocrx_word' id='word_1_62' title='bbox 1077 921 1176 988; x_wconf 82' lang='lat' dir='ltr'>vicis·</span> 
     </span>
     <span class='ocr_line' id='line_1_9' title="bbox 161 1004 1177 1092; baseline 0.001 -20"><span class='ocrx_word' id='word_1_63' title='bbox 161 1007 222 1072; x_wconf 91' lang='lat' dir='ltr'>sim</span> <span class='ocrx_word' id='word_1_64' title='bbox 242 1006 285 1070; x_wconf 84' lang='lat' dir='ltr'>ad</span> <span class='ocrx_word' id='word_1_65' title='bbox 302 1006 423 1071; x_wconf 85' lang='lat' dir='ltr'>inferos</span> <span class='ocrx_word' id='word_1_66' title='bbox 442 1008 593 1092; x_wconf 85' lang='lat' dir='ltr'>migrare.</span> <span class='ocrx_word' id='word_1_67' title='bbox 624 1008 719 1086; x_wconf 81' lang='lat' dir='ltr'>Quae</span> <span class='ocrx_word' id='word_1_68' title='bbox 740 1010 899 1075; x_wconf 87' lang='lat' dir='ltr'>sententia</span> <span class='ocrx_word' id='word_1_69' title='bbox 922 1011 949 1074; x_wconf 89' lang='lat' dir='ltr'>si</span> <span class='ocrx_word' id='word_1_70' title='bbox 968 1032 1045 1075; x_wconf 84' lang='lat' dir='ltr'>vera</span> <span class='ocrx_word' id='word_1_71' title='bbox 1058 1015 1117 1085; x_wconf 87' lang='lat' dir='ltr'>est,</span> <span class='ocrx_word' id='word_1_72' title='bbox 1136 1004 1177 1071; x_wconf 77' lang='lat' dir='ltr'>de</span> 
     </span>
     <span class='ocr_line' id='line_1_10' title="bbox 160 1088 1180 1175; baseline -0.002 -21"><span class='ocrx_word' id='word_1_73' title='bbox 160 1089 340 1154; x_wconf 86' lang='lat' dir='ltr'>animorum</span> <span class='ocrx_word' id='word_1_74' title='bbox 358 1088 597 1155; x_wconf 83' lang='lat' dir='ltr'>immortalitate</span> <span class='ocrx_word' id='word_1_75' title='bbox 618 1089 758 1156; x_wconf 86' lang='lat' dir='ltr'>dubitari</span> <span class='ocrx_word' id='word_1_76' title='bbox 773 1113 838 1154; x_wconf 93' lang='lat' dir='ltr'>non</span> <span class='ocrx_word' id='word_1_77' title='bbox 852 1103 970 1175; x_wconf 89' lang='lat' dir='ltr'>potest.</span> <span class='ocrx_word' id='word_1_78' title='bbox 1000 1091 1180 1159; x_wconf 83' lang='lat' dir='ltr'>Confirmat</span> 
     </span>
     <span class='ocr_line' id='line_1_11' title="bbox 161 1171 1182 1258; baseline 0.002 -21"><span class='ocrx_word' id='word_1_79' title='bbox 161 1182 268 1237; x_wconf 89' lang='lat' dir='ltr'>autem</span> <span class='ocrx_word' id='word_1_80' title='bbox 287 1172 373 1241; x_wconf 86' lang='lat' dir='ltr'>illius</span> <span class='ocrx_word' id='word_1_81' title='bbox 393 1174 570 1239; x_wconf 83' lang='lat' dir='ltr'>sententiae</span> <span class='ocrx_word' id='word_1_82' title='bbox 590 1173 759 1239; x_wconf 84' lang='lat' dir='ltr'>veritatem</span> <span class='ocrx_word' id='word_1_83' title='bbox 779 1171 840 1238; x_wconf 92' lang='lat' dir='ltr'>hoc</span> <span class='ocrx_word' id='word_1_84' title='bbox 857 1174 1011 1251; x_wconf 86' lang='lat' dir='ltr'>maxime,</span> <span class='ocrx_word' id='word_1_85' title='bbox 1039 1175 1128 1258; x_wconf 89' lang='lat' dir='ltr'>quod</span> <span class='ocrx_word' id='word_1_86' title='bbox 1145 1173 1182 1239; x_wconf 88' lang='lat' dir='ltr'>in</span> 
     </span>
     <span class='ocr_line' id='line_1_12' title="bbox 160 1256 1183 1342; baseline 0 -22"><span class='ocrx_word' id='word_1_87' title='bbox 160 1256 313 1322; x_wconf 86' lang='lat' dir='ltr'>universa</span> <span class='ocrx_word' id='word_1_88' title='bbox 330 1279 440 1323; x_wconf 88' lang='lat' dir='ltr'>rerum</span> <span class='ocrx_word' id='word_1_89' title='bbox 464 1268 581 1323; x_wconf 84' lang='lat' dir='ltr'>natura</span> <span class='ocrx_word' id='word_1_90' title='bbox 600 1257 684 1322; x_wconf 82' lang='lat' dir='ltr'>hanc</span> <span class='ocrx_word' id='word_1_91' title='bbox 702 1257 849 1322; x_wconf 84' lang='lat' dir='ltr'>videmus</span> <span class='ocrx_word' id='word_1_92' title='bbox 872 1256 977 1342; x_wconf 88' lang='lat' dir='ltr'>legem</span> <span class='ocrx_word' id='word_1_93' title='bbox 995 1267 1183 1321; x_wconf 74' lang='lat' dir='ltr'>constanter</span> 
     </span>
     <span class='ocr_line' id='line_1_13' title="bbox 108 1339 1181 1422; baseline 0.001 -18"><span class='ocrx_word' id='word_1_94' title='bbox 108 1377 111 1381; x_wconf 95' lang='lat'>·</span> <span class='ocrx_word' id='word_1_95' title='bbox 161 1341 330 1419; x_wconf 82' lang='lat' dir='ltr'>dominari,</span> <span class='ocrx_word' id='word_1_96' title='bbox 345 1353 382 1422; x_wconf 83' lang='lat' dir='ltr'>ut</span> <span class='ocrx_word' id='word_1_97' title='bbox 392 1343 553 1407; x_wconf 81' lang='lat' dir='ltr'>contraria</span> <span class='ocrx_word' id='word_1_98' title='bbox 564 1364 604 1407; x_wconf 88' lang='lat' dir='ltr'>ex</span> <span class='ocrx_word' id='word_1_99' title='bbox 615 1341 786 1406; x_wconf 86' lang='lat' dir='ltr'>contrariis</span> <span class='ocrx_word' id='word_1_100' title='bbox 795 1340 950 1416; x_wconf 86' lang='lat' dir='ltr'>oriantur,</span> <span class='ocrx_word' id='word_1_101' title='bbox 965 1339 1065 1404; x_wconf 85' lang='lat' dir='ltr'>veluti</span> <span class='ocrx_word' id='word_1_102' title='bbox 1124 1362 1181 1405; x_wconf 91' lang='lat' dir='ltr'>um</span> 
     </span>
     <span class='ocr_line' id='line_1_14' title="bbox 161 1423 1180 1503; baseline -0.001 -15"><span class='ocrx_word' id='word_1_103' title='bbox 161 1424 738 1503; x_wconf 85' lang='lat' dir='ltr'>maiusoriturexminore‚tardumex</span> <span class='ocrx_word' id='word_1_104' title='bbox 746 1423 1050 1502; x_wconf 87' lang='lat' dir='ltr'>veloci,firmumex&#39;</span> <span class='ocrx_word' id='word_1_105' title='bbox 1148 1444 1180 1499; x_wconf 93' lang='lat' dir='ltr'>o,</span> 
     </span>
     <span class='ocr_line' id='line_1_15' title="bbox 161 1506 1180 1609; baseline -0.003 -35"><span class='ocrx_word' id='word_1_106' title='bbox 161 1509 249 1574; x_wconf 88' lang='lat' dir='ltr'>calor</span> <span class='ocrx_word' id='word_1_107' title='bbox 273 1530 315 1574; x_wconf 91' lang='lat' dir='ltr'>ex</span> <span class='ocrx_word' id='word_1_108' title='bbox 338 1508 458 1609; x_wconf 77' lang='lat' dir='ltr'>frigore</span> <span class='ocrx_word' id='word_1_109' title='bbox 472 1522 505 1575; x_wconf 89' lang='lat' dir='ltr'>et</span> <span class='ocrx_word' id='word_1_110' title='bbox 523 1509 676 1576; x_wconf 85' lang='lat' dir='ltr'>vicissim.</span> <span class='ocrx_word' id='word_1_111' title='bbox 720 1509 846 1575; x_wconf 83' lang='lat' dir='ltr'>Eadem</span> <span class='ocrx_word' id='word_1_112' title='bbox 867 1508 967 1595; x_wconf 85' lang='lat' dir='ltr'>igitur</span> <span class='ocrx_word' id='word_1_113' title='bbox 986 1506 1180 1572; x_wconf 66' lang='lat' dir='ltr'>necessitate</span> 
     </span>
     <span class='ocr_line' id='line_1_16' title="bbox 160 1593 1181 1678; baseline -0.001 -22"><span class='ocrx_word' id='word_1_114' title='bbox 160 1593 246 1658; x_wconf 87' lang='lat' dir='ltr'>inter</span> <span class='ocrx_word' id='word_1_115' title='bbox 266 1616 302 1660; x_wconf 84' lang='lat' dir='ltr'>se</span> <span class='ocrx_word' id='word_1_116' title='bbox 323 1604 512 1661; x_wconf 81' lang='lat' dir='ltr'>comunctas</span> <span class='ocrx_word' id='word_1_117' title='bbox 532 1617 604 1661; x_wconf 88' lang='lat' dir='ltr'>esse</span> <span class='ocrx_word' id='word_1_118' title='bbox 617 1603 754 1660; x_wconf 90' lang='lat' dir='ltr'>mortem</span> <span class='ocrx_word' id='word_1_119' title='bbox 775 1603 808 1660; x_wconf 89' lang='lat' dir='ltr'>et</span> <span class='ocrx_word' id='word_1_120' title='bbox 821 1593 921 1659; x_wconf 80' lang='lat' dir='ltr'>vitam</span> <span class='ocrx_word' id='word_1_121' title='bbox 936 1602 1052 1678; x_wconf 90' lang='lat' dir='ltr'>sponte</span> <span class='ocrx_word' id='word_1_122' title='bbox 1066 1613 1181 1657; x_wconf 88' lang='lat' dir='ltr'>conse·</span> 
     </span>
     <span class='ocr_line' id='line_1_17' title="bbox 162 1677 1183 1762; baseline -0.004 -20"><span class='ocrx_word' id='word_1_123' title='bbox 162 1677 283 1762; x_wconf 88' lang='lat' dir='ltr'>quitur,</span> <span class='ocrx_word' id='word_1_124' title='bbox 304 1678 351 1743; x_wconf 86' lang='lat' dir='ltr'>ita</span> <span class='ocrx_word' id='word_1_125' title='bbox 369 1689 407 1743; x_wconf 90' lang='lat' dir='ltr'>ut</span> <span class='ocrx_word' id='word_1_126' title='bbox 420 1702 461 1745; x_wconf 88' lang='lat' dir='ltr'>ex</span> <span class='ocrx_word' id='word_1_127' title='bbox 475 1681 551 1746; x_wconf 86' lang='lat' dir='ltr'>vivo</span> <span class='ocrx_word' id='word_1_128' title='bbox 563 1679 621 1744; x_wconf 86' lang='lat' dir='ltr'>fiat</span> <span class='ocrx_word' id='word_1_129' title='bbox 634 1688 781 1745; x_wconf 90' lang='lat' dir='ltr'>mortuus</span> <span class='ocrx_word' id='word_1_130' title='bbox 796 1689 829 1745; x_wconf 90' lang='lat' dir='ltr'>et</span> <span class='ocrx_word' id='word_1_131' title='bbox 842 1677 985 1744; x_wconf 85' lang='lat' dir='ltr'>vicissim</span> <span class='ocrx_word' id='word_1_132' title='bbox 999 1698 1040 1741; x_wconf 89' lang='lat' dir='ltr'>ex</span> <span class='ocrx_word' id='word_1_133' title='bbox 1053 1685 1183 1740; x_wconf 88' lang='lat' dir='ltr'>mortuo</span> 
     </span>
     <span class='ocr_line' id='line_1_18' title="bbox 162 1757 1183 1851; baseline -0.005 -24"><span class='ocrx_word' id='word_1_134' title='bbox 162 1762 266 1829; x_wconf 85' lang='lat' dir='ltr'>vivus.</span> <span class='ocrx_word' id='word_1_135' title='bbox 297 1761 365 1829; x_wconf 88' lang='lat' dir='ltr'>Sed</span> <span class='ocrx_word' id='word_1_136' title='bbox 379 1785 457 1850; x_wconf 82' lang='lat' dir='ltr'>age,</span> <span class='ocrx_word' id='word_1_137' title='bbox 477 1787 546 1831; x_wconf 92' lang='lat' dir='ltr'>rem</span> <span class='ocrx_word' id='word_1_138' title='bbox 560 1763 748 1851; x_wconf 84' lang='lat' dir='ltr'>diligentius</span> <span class='ocrx_word' id='word_1_139' title='bbox 767 1763 864 1829; x_wconf 84' lang='lat' dir='ltr'>etiam</span> <span class='ocrx_word' id='word_1_140' title='bbox 878 1761 1085 1846; x_wconf 79' lang='lat' dir='ltr'>explicemus.</span> <span class='ocrx_word' id='word_1_141' title='bbox 1112 1757 1183 1822; x_wconf 89' lang='lat' dir='ltr'>Ita-</span> 
     </span>
     <span class='ocr_line' id='line_1_19' title="bbox 163 1842 1183 1934; baseline -0.008 -20"><span class='ocrx_word' id='word_1_142' title='bbox 163 1869 227 1932; x_wconf 84' lang='lat' dir='ltr'>que</span> <span class='ocrx_word' id='word_1_143' title='bbox 241 1848 401 1934; x_wconf 87' lang='lat' dir='ltr'>quidquid</span> <span class='ocrx_word' id='word_1_144' title='bbox 414 1859 569 1927; x_wconf 80' lang='lat' dir='ltr'>mutetur,</span> <span class='ocrx_word' id='word_1_145' title='bbox 583 1848 618 1912; x_wconf 91' lang='lat' dir='ltr'>id</span> <span class='ocrx_word' id='word_1_146' title='bbox 632 1848 667 1912; x_wconf 94' lang='lat' dir='ltr'>in</span> <span class='ocrx_word' id='word_1_147' title='bbox 681 1848 779 1913; x_wconf 83' lang='lat' dir='ltr'>alium</span> <span class='ocrx_word' id='word_1_148' title='bbox 795 1857 914 1913; x_wconf 75' lang='lat' dir='ltr'>statum</span> <span class='ocrx_word' id='word_1_149' title='bbox 928 1843 1065 1910; x_wconf 84' lang='lat' dir='ltr'>transire</span> <span class='ocrx_word' id='word_1_150' title='bbox 1079 1842 1183 1908; x_wconf 88' lang='lat' dir='ltr'>mani·</span> 
     </span>
     <span class='ocr_line' id='line_1_20' title="bbox 162 1927 1183 2014; baseline -0.008 -16"><span class='ocrx_word' id='word_1_151' title='bbox 162 1935 282 1999; x_wconf 91' lang='lat' dir='ltr'>lestum</span> <span class='ocrx_word' id='word_1_152' title='bbox 297 1944 356 2000; x_wconf 89' lang='lat' dir='ltr'>cst.</span> <span class='ocrx_word' id='word_1_153' title='bbox 383 1930 577 2000; x_wconf 84' lang='lat' dir='ltr'>Continetur</span> <span class='ocrx_word' id='word_1_154' title='bbox 591 1943 698 1998; x_wconf 86' lang='lat' dir='ltr'>autem</span> <span class='ocrx_word' id='word_1_155' title='bbox 709 1933 814 1998; x_wconf 91' lang='lat' dir='ltr'>omnis</span> <span class='ocrx_word' id='word_1_156' title='bbox 824 1929 958 1996; x_wconf 84' lang='lat' dir='ltr'>mutatio</span> <span class='ocrx_word' id='word_1_157' title='bbox 973 1927 1091 2014; x_wconf 90' lang='lat' dir='ltr'>triplici</span> <span class='ocrx_word' id='word_1_158' title='bbox 1105 1949 1183 1993; x_wconf 89' lang='lat' dir='ltr'>con-</span> 
     </span>
     <span class='ocr_line' id='line_1_21' title="bbox 164 2011 1184 2097; baseline -0.004 -18"><span class='ocrx_word' id='word_1_159' title='bbox 164 2018 302 2092; x_wconf 79' lang='lat' dir='ltr'>dition03</span> <span class='ocrx_word' id='word_1_160' title='bbox 327 2040 403 2082; x_wconf 85' lang='lat' dir='ltr'>nam</span> <span class='ocrx_word' id='word_1_161' title='bbox 448 2018 529 2081; x_wconf 92' lang='lat' dir='ltr'>rimo</span> <span class='ocrx_word' id='word_1_162' title='bbox 549 2038 601 2080; x_wconf 89' lang='lat' dir='ltr'>res</span> <span class='ocrx_word' id='word_1_163' title='bbox 619 2026 743 2079; x_wconf 83' lang='lat' dir='ltr'>mutata</span> <span class='ocrx_word' id='word_1_164' title='bbox 765 2038 805 2079; x_wconf 86' lang='lat' dir='ltr'>ex</span> <span class='ocrx_word' id='word_1_165' title='bbox 820 2016 929 2097; x_wconf 86' lang='lat' dir='ltr'>aliquo</span> <span class='ocrx_word' id='word_1_166' title='bbox 949 2023 1049 2091; x_wconf 76' lang='lat' dir='ltr'>statu,</span> <span class='ocrx_word' id='word_1_167' title='bbox 1070 2011 1104 2077; x_wconf 91' lang='lat' dir='ltr'>in</span> <span class='ocrx_word' id='word_1_168' title='bbox 1119 2032 1184 2095; x_wconf 91' lang='lat' dir='ltr'>quo</span> 
     </span>
     <span class='ocr_line' id='line_1_22' title="bbox 165 2097 1184 2195; baseline 0.001 -36"><span class='ocrx_word' id='word_1_169' title='bbox 165 2108 260 2160; x_wconf 84' lang='lat' dir='ltr'>antea</span> <span class='ocrx_word' id='word_1_170' title='bbox 276 2098 398 2172; x_wconf 78' lang='lat' dir='ltr'>fircrnt,</span> <span class='ocrx_word' id='word_1_171' title='bbox 442 2098 571 2162; x_wconf 76' lang='lat' dir='ltr'>‘sceditr</span> <span class='ocrx_word' id='word_1_172' title='bbox 595 2097 711 2159; x_wconf 87' lang='lat' dir='ltr'>deinde</span> <span class='ocrx_word' id='word_1_173' title='bbox 731 2097 842 2159; x_wconf 88' lang='lat' dir='ltr'>eadem</span> <span class='ocrx_word' id='word_1_174' title='bbox 862 2097 1012 2160; x_wconf 82' lang='lat' dir='ltr'>adalind</span> <span class='ocrx_word' id='word_1_175' title='bbox 1031 2097 1184 2195; x_wconf 75' lang='lat' dir='ltr'>quiddam</span> 
     </span>
     <span class='ocr_line' id='line_1_23' title="bbox 166 2177 1185 2278; baseline 0.001 -35"><span class='ocrx_word' id='word_1_176' title='bbox 166 2178 297 2243; x_wconf 80' lang='lat' dir='ltr'>transit:</span> <span class='ocrx_word' id='word_1_177' title='bbox 325 2177 462 2261; x_wconf 89' lang='lat' dir='ltr'>denique</span> <span class='ocrx_word' id='word_1_178' title='bbox 508 2177 631 2244; x_wconf 84' lang='lat' dir='ltr'>ervenit</span> <span class='ocrx_word' id='word_1_179' title='bbox 652 2177 694 2242; x_wconf 87' lang='lat' dir='ltr'>ad</span> <span class='ocrx_word' id='word_1_180' title='bbox 715 2177 854 2260; x_wconf 88' lang='lat' dir='ltr'>aliquem</span> <span class='ocrx_word' id='word_1_181' title='bbox 874 2187 1009 2254; x_wconf 84' lang='lat' dir='ltr'>statum,</span> <span class='ocrx_word' id='word_1_182' title='bbox 1034 2203 1070 2242; x_wconf 89' lang='grc' dir='ltr'>ιιι</span> <span class='ocrx_word' id='word_1_183' title='bbox 1089 2202 1185 2278; x_wconf 80' lang='lat' dir='ltr'>quem</span> 
     </span>
     <span class='ocr_line' id='line_1_24' title="bbox 165 2260 1186 2359; baseline -0.001 -32"><span class='ocrx_word' id='word_1_184' title='bbox 165 2272 261 2327; x_wconf 84' lang='lat' dir='ltr'>antea</span> <span class='ocrx_word' id='word_1_185' title='bbox 282 2261 445 2326; x_wconf 89' lang='lat' dir='ltr'>tendebat.</span> <span class='ocrx_word' id='word_1_186' title='bbox 513 2261 590 2327; x_wconf 89' lang='lat' dir='ltr'>eluti</span> <span class='ocrx_word' id='word_1_187' title='bbox 611 2260 638 2325; x_wconf 92' lang='lat' dir='ltr'>si</span> <span class='ocrx_word' id='word_1_188' title='bbox 659 2260 731 2343; x_wconf 90' lang='lat' dir='ltr'>quis</span> <span class='ocrx_word' id='word_1_189' title='bbox 751 2260 885 2338; x_wconf 89' lang='lat' dir='ltr'>dormit,</span> <span class='ocrx_word' id='word_1_190' title='bbox 910 2260 939 2324; x_wconf 94' lang='lat' dir='ltr'>is</span> <span class='ocrx_word' id='word_1_191' title='bbox 959 2282 1000 2323; x_wconf 90' lang='lat' dir='ltr'>ex</span> <span class='ocrx_word' id='word_1_192' title='bbox 1021 2260 1133 2359; x_wconf 78' lang='lat' dir='ltr'>vigilia</span> <span class='ocrx_word' id='word_1_193' title='bbox 1150 2263 1186 2326; x_wconf 91' lang='lat' dir='ltr'>in</span> 
     </span>
     <span class='ocr_line' id='line_1_25' title="bbox 167 2343 1185 2430; baseline -0.001 -19"><span class='ocrx_word' id='word_1_194' title='bbox 167 2368 314 2411; x_wconf 90' lang='lat' dir='ltr'>somnum</span> <span class='ocrx_word' id='word_1_195' title='bbox 339 2343 477 2409; x_wconf 82' lang='lat' dir='ltr'>transiit.</span> <span class='ocrx_word' id='word_1_196' title='bbox 511 2343 603 2408; x_wconf 89' lang='lat' dir='ltr'>Inter</span> <span class='ocrx_word' id='word_1_197' title='bbox 624 2364 771 2408; x_wconf 90' lang='lat' dir='ltr'>somnum</span> <span class='ocrx_word' id='word_1_198' title='bbox 789 2353 898 2408; x_wconf 83' lang='lat' dir='ltr'>autem</span> <span class='ocrx_word' id='word_1_199' title='bbox 922 2353 1020 2426; x_wconf 86' lang='lat' dir='ltr'>atque</span> <span class='ocrx_word' id='word_1_200' title='bbox 1041 2345 1185 2430; x_wconf 80' lang='lat' dir='ltr'>vigiliam</span> 
     </span>
     <span class='ocr_line' id='line_1_26' title="bbox 166 2425 1185 2510; baseline -0.002 -14"><span class='ocrx_word' id='word_1_201' title='bbox 166 2430 368 2496; x_wconf 88' lang='lat' dir='ltr'>interiectum</span> <span class='ocrx_word' id='word_1_202' title='bbox 398 2437 448 2492; x_wconf 91' lang='lat' dir='ltr'>est</span> <span class='ocrx_word' id='word_1_203' title='bbox 471 2427 567 2504; x_wconf 89' lang='lat' dir='ltr'>illud,</span> <span class='ocrx_word' id='word_1_204' title='bbox 593 2426 681 2510; x_wconf 91' lang='lat' dir='ltr'>quod</span> <span class='ocrx_word' id='word_1_205' title='bbox 704 2447 858 2491; x_wconf 85' lang='lat' dir='ltr'>vocamus</span> <span class='ocrx_word' id='word_1_206' title='bbox 887 2425 1185 2494; x_wconf 81' lang='lat' dir='ltr'>obdormiscere.</span> 
     </span>
     <span class='ocr_line' id='line_1_27' title="bbox 168 2509 1185 2597; baseline -0.004 -18"><span class='ocrx_word' id='word_1_207' title='bbox 168 2514 267 2580; x_wconf 89' lang='lat' dir='ltr'>Unde</span> <span class='ocrx_word' id='word_1_208' title='bbox 281 2511 481 2597; x_wconf 88' lang='lat' dir='ltr'>intelligitur,</span> <span class='ocrx_word' id='word_1_209' title='bbox 503 2532 600 2594; x_wconf 84' lang='lat' dir='ltr'>quam</span> <span class='ocrx_word' id='word_1_210' title='bbox 615 2510 658 2574; x_wconf 89' lang='lat' dir='ltr'>sit</span> <span class='ocrx_word' id='word_1_211' title='bbox 670 2532 793 2588; x_wconf 80' lang='lat' dir='ltr'>verum,</span> <span class='ocrx_word' id='word_1_212' title='bbox 816 2510 903 2595; x_wconf 88' lang='lat' dir='ltr'>qnod</span> <span class='ocrx_word' id='word_1_213' title='bbox 917 2509 1057 2574; x_wconf 90' lang='lat' dir='ltr'>diximus</span> <span class='ocrx_word' id='word_1_214' title='bbox 1071 2511 1112 2574; x_wconf 90' lang='lat' dir='ltr'>de</span> <span class='ocrx_word' id='word_1_215' title='bbox 1126 2514 1185 2576; x_wconf 89' lang='lat' dir='ltr'>tri·</span> 
     </span>
     <span class='ocr_line' id='line_1_28' title="bbox 167 2593 1185 2683; baseline 0.001 -23"><span class='ocrx_word' id='word_1_216' title='bbox 167 2597 244 2683; x_wconf 91' lang='lat' dir='ltr'>plici</span> <span class='ocrx_word' id='word_1_217' title='bbox 264 2596 419 2678; x_wconf 89' lang='lat' dir='ltr'>cuiusque</span> <span class='ocrx_word' id='word_1_218' title='bbox 446 2593 632 2659; x_wconf 85' lang='lat' dir='ltr'>mutationis</span> <span class='ocrx_word' id='word_1_219' title='bbox 650 2593 841 2660; x_wconf 86' lang='lat' dir='ltr'>conditione.</span> <span class='ocrx_word' id='word_1_220' title='bbox 876 2593 1002 2659; x_wconf 83' lang='lat' dir='ltr'>Eadem</span> <span class='ocrx_word' id='word_1_221' title='bbox 1022 2594 1105 2660; x_wconf 87' lang='lat' dir='ltr'>ratio</span> <span class='ocrx_word' id='word_1_222' title='bbox 1124 2606 1185 2674; x_wconf 89' lang='lat' dir='ltr'>est,</span> 
     </span>
     <span class='ocr_line' id='line_1_29' title="bbox 169 2677 1186 2764; baseline -0.001 -17"><span class='ocrx_word' id='word_1_223' title='bbox 169 2681 197 2747; x_wconf 92' lang='lat' dir='ltr'>si</span> <span class='ocrx_word' id='word_1_224' title='bbox 212 2679 285 2763; x_wconf 89' lang='lat' dir='ltr'>quis</span> <span class='ocrx_word' id='word_1_225' title='bbox 299 2677 443 2744; x_wconf 85' lang='lat' dir='ltr'>vicissim</span> <span class='ocrx_word' id='word_1_226' title='bbox 458 2701 498 2743; x_wconf 87' lang='lat' dir='ltr'>ex</span> <span class='ocrx_word' id='word_1_227' title='bbox 514 2699 624 2743; x_wconf 88' lang='lat' dir='ltr'>somno</span> <span class='ocrx_word' id='word_1_228' title='bbox 638 2678 750 2744; x_wconf 87' lang='lat' dir='ltr'>redeat</span> <span class='ocrx_word' id='word_1_229' title='bbox 760 2678 804 2744; x_wconf 90' lang='lat' dir='ltr'>ad</span> <span class='ocrx_word' id='word_1_230' title='bbox 813 2678 845 2744; x_wconf 87' lang='lat' dir='ltr'>vi</span> <span class='ocrx_word' id='word_1_231' title='bbox 871 2678 878 2693; x_wconf 90' lang='lat'>&#39;</span> <span class='ocrx_word' id='word_1_232' title='bbox 894 2679 974 2744; x_wconf 77' lang='lat' dir='ltr'>&#39;amr</span> <span class='ocrx_word' id='word_1_233' title='bbox 989 2702 1065 2745; x_wconf 84' lang='lat' dir='ltr'>nam</span> <span class='ocrx_word' id='word_1_234' title='bbox 1076 2680 1186 2764; x_wconf 88' lang='lat' dir='ltr'>prius·</span> 
     </span>
     <span class='ocr_line' id='line_1_30' title="bbox 168 2761 1186 2850; baseline 0.003 -23"><span class='ocrx_word' id='word_1_235' title='bbox 168 2786 266 2850; x_wconf 87' lang='lat' dir='ltr'>quam</span> <span class='ocrx_word' id='word_1_236' title='bbox 279 2763 353 2847; x_wconf 84' lang='lat' dir='ltr'>ipsa</span> <span class='ocrx_word' id='word_1_237' title='bbox 367 2761 477 2849; x_wconf 82' lang='lat' dir='ltr'>vigilia</span> <span class='ocrx_word' id='word_1_238' title='bbox 490 2761 620 2841; x_wconf 69' lang='lat' dir='ltr'>incidit,</span> <span class='ocrx_word' id='word_1_239' title='bbox 634 2763 715 2828; x_wconf 90' lang='lat' dir='ltr'>illud</span> <span class='ocrx_word' id='word_1_240' title='bbox 727 2765 833 2830; x_wconf 91' lang='lat' dir='ltr'>locum</span> <span class='ocrx_word' id='word_1_241' title='bbox 870 2762 966 2832; x_wconf 82' lang='lat' dir='ltr'>abeat</span> <span class='ocrx_word' id='word_1_242' title='bbox 978 2787 1111 2830; x_wconf 83' lang='lat' dir='ltr'>necesse</span> <span class='ocrx_word' id='word_1_243' title='bbox 1125 2776 1186 2845; x_wconf 87' lang='lat' dir='ltr'>est,</span> 
     </span>
     <span class='ocr_line' id='line_1_31' title="bbox 169 2847 1187 2950; baseline 0.001 -38"><span class='ocrx_word' id='word_1_244' title='bbox 169 2847 256 2933; x_wconf 91' lang='lat' dir='ltr'>quod</span> <span class='ocrx_word' id='word_1_245' title='bbox 275 2847 504 2934; x_wconf 85' lang='lat' dir='ltr'>expergisci</span> <span class='ocrx_word' id='word_1_246' title='bbox 524 2869 688 2914; x_wconf 86' lang='lat' dir='ltr'>vocamus.</span> <span class='ocrx_word' id='word_1_247' title='bbox 723 2847 835 2930; x_wconf 81' lang='lat' dir='ltr'>Quum</span> <span class='ocrx_word' id='word_1_248' title='bbox 856 2870 933 2914; x_wconf 87' lang='lat' dir='ltr'>vero</span> <span class='ocrx_word' id='word_1_249' title='bbox 953 2848 1033 2915; x_wconf 83' lang='lat' dir='ltr'>haec</span> <span class='ocrx_word' id='word_1_250' title='bbox 1053 2848 1106 2915; x_wconf 92' lang='lat' dir='ltr'>lex</span> <span class='ocrx_word' id='word_1_251' title='bbox 1127 2871 1187 2950; x_wconf 68' lang='lat' dir='ltr'>per</span> 
     </span>
     <span class='ocr_line' id='line_1_32' title="bbox 169 2933 1187 3018; baseline 0 -21"><span class='ocrx_word' id='word_1_252' title='bbox 169 2942 269 2997; x_wconf 88' lang='lat' dir='ltr'>totam</span> <span class='ocrx_word' id='word_1_253' title='bbox 283 2954 391 2997; x_wconf 90' lang='lat' dir='ltr'>rerum</span> <span class='ocrx_word' id='word_1_254' title='bbox 405 2943 554 2998; x_wconf 85' lang='lat' dir='ltr'>naturam</span> <span class='ocrx_word' id='word_1_255' title='bbox 568 2933 690 3013; x_wconf 79' lang='lat' dir='ltr'>valeat,</span> <span class='ocrx_word' id='word_1_256' title='bbox 706 2956 790 3013; x_wconf 88' lang='lat' dir='ltr'>eum,</span> <span class='ocrx_word' id='word_1_257' title='bbox 806 2933 862 3018; x_wconf 94' lang='lat' dir='ltr'>qui</span> <span class='ocrx_word' id='word_1_258' title='bbox 875 2934 910 2999; x_wconf 91' lang='lat' dir='ltr'>in</span> <span class='ocrx_word' id='word_1_259' title='bbox 923 2933 1007 3001; x_wconf 85' lang='lat' dir='ltr'>hanc</span> <span class='ocrx_word' id='word_1_260' title='bbox 1021 2933 1121 3000; x_wconf 84' lang='lat' dir='ltr'>vitam</span> <span class='ocrx_word' id='word_1_261' title='bbox 1134 2957 1187 2998; x_wconf 85' lang='lat' dir='ltr'>rn-</span> 
     </span>
     <span class='ocr_line' id='line_1_33' title="bbox 169 3018 1188 3106; baseline 0.001 -25"><span class='ocrx_word' id='word_1_262' title='bbox 169 3026 242 3095; x_wconf 90' lang='lat' dir='ltr'>tret‚</span> <span class='ocrx_word' id='word_1_263' title='bbox 256 3040 389 3086; x_wconf 88' lang='lat' dir='ltr'>necesse</span> <span class='ocrx_word' id='word_1_264' title='bbox 404 3028 454 3086; x_wconf 89' lang='lat' dir='ltr'>est</span> <span class='ocrx_word' id='word_1_265' title='bbox 466 3018 553 3085; x_wconf 83' lang='lat' dir='ltr'>illam</span> <span class='ocrx_word' id='word_1_266' title='bbox 567 3040 733 3106; x_wconf 82' lang='lat' dir='ltr'>permeare</span> <span class='ocrx_word' id='word_1_267' title='bbox 744 3019 837 3106; x_wconf 83' lang='lat' dir='ltr'>quasi</span> <span class='ocrx_word' id='word_1_268' title='bbox 848 3019 1075 3096; x_wconf 86' lang='lat' dir='ltr'>conditionem,</span> <span class='ocrx_word' id='word_1_269' title='bbox 1090 3040 1188 3102; x_wconf 88' lang='lat' dir='ltr'>quam</span> 
     </span>
     <span class='ocr_line' id='line_1_34' title="bbox 168 3103 1187 3192; baseline 0 -24"><span class='ocrx_word' id='word_1_270' title='bbox 168 3104 281 3170; x_wconf 82' lang='lat' dir='ltr'>nasci</span> <span class='ocrx_word' id='word_1_271' title='bbox 296 3103 402 3172; x_wconf 90' lang='lat' dir='ltr'>dicere</span> <span class='ocrx_word' id='word_1_272' title='bbox 418 3105 571 3184; x_wconf 90' lang='lat' dir='ltr'>solemus;</span> <span class='ocrx_word' id='word_1_273' title='bbox 594 3128 668 3174; x_wconf 91' lang='lat' dir='ltr'>eum</span> <span class='ocrx_word' id='word_1_274' title='bbox 682 3129 775 3186; x_wconf 87' lang='lat' dir='ltr'>vero,</span> <span class='ocrx_word' id='word_1_275' title='bbox 797 3105 854 3192; x_wconf 90' lang='lat' dir='ltr'>qui</span> <span class='ocrx_word' id='word_1_276' title='bbox 866 3116 1013 3171; x_wconf 88' lang='lat' dir='ltr'>mortuus</span> <span class='ocrx_word' id='word_1_277' title='bbox 1029 3103 1087 3181; x_wconf 88' lang='lat' dir='ltr'>sit,</span> <span class='ocrx_word' id='word_1_278' title='bbox 1107 3125 1187 3167; x_wconf 90' lang='lat' dir='ltr'>mo·</span> 
     </span>
     <span class='ocr_line' id='line_1_35' title="bbox 90 3187 1188 3274; baseline 0.001 -26"><span class='ocrx_word' id='word_1_279' title='bbox 90 3206 96 3213; x_wconf 57' lang='lat'>²</span> <span class='ocrx_word' id='word_1_280' title='bbox 169 3187 226 3248; x_wconf 89' lang='lat' dir='ltr'>rie</span> <span class='ocrx_word' id='word_1_281' title='bbox 234 3190 307 3250; x_wconf 90' lang='lat' dir='ltr'>ndo</span> <span class='ocrx_word' id='word_1_282' title='bbox 322 3192 364 3252; x_wconf 84' lang='lat' dir='ltr'>ad</span> <span class='ocrx_word' id='word_1_283' title='bbox 377 3192 467 3253; x_wconf 88' lang='lat' dir='ltr'>illum</span> <span class='ocrx_word' id='word_1_284' title='bbox 479 3203 599 3255; x_wconf 85' lang='lat' dir='ltr'>statum</span> <span class='ocrx_word' id='word_1_285' title='bbox 612 3192 809 3274; x_wconf 86' lang='lat' dir='ltr'>pervenisse.</span> <span class='ocrx_word' id='word_1_286' title='bbox 837 3188 931 3270; x_wconf 84' lang='lat' dir='ltr'>Quae</span> <span class='ocrx_word' id='word_1_287' title='bbox 943 3213 1043 3273; x_wconf 91' lang='lat' dir='ltr'>quum</span> <span class='ocrx_word' id='word_1_288' title='bbox 1053 3189 1099 3252; x_wconf 81' lang='lat' dir='ltr'>ita</span> <span class='ocrx_word' id='word_1_289' title='bbox 1112 3187 1188 3263; x_wconf 88' lang='lat' dir='ltr'>sint,</span> 
     </span>
     <span class='ocr_line' id='line_1_36' title="bbox 170 3268 1189 3353; baseline -0.003 -21"><span class='ocrx_word' id='word_1_290' title='bbox 170 3268 312 3332; x_wconf 87' lang='lat' dir='ltr'>animum</span> <span class='ocrx_word' id='word_1_291' title='bbox 337 3272 502 3333; x_wconf 90' lang='lat' dir='ltr'>moriendo</span> <span class='ocrx_word' id='word_1_292' title='bbox 525 3293 591 3333; x_wconf 91' lang='lat' dir='ltr'>non</span> <span class='ocrx_word' id='word_1_293' title='bbox 614 3272 793 3353; x_wconf 86' lang='lat' dir='ltr'>exstingui,</span> <span class='ocrx_word' id='word_1_294' title='bbox 820 3273 930 3332; x_wconf 90' lang='lat' dir='ltr'>sedin</span> <span class='ocrx_word' id='word_1_295' title='bbox 949 3273 1047 3332; x_wconf 85' lang='lat' dir='ltr'>alium</span> <span class='ocrx_word' id='word_1_296' title='bbox 1069 3277 1189 3330; x_wconf 87' lang='lat' dir='ltr'>statum</span> 
     </span>
     <span class='ocr_line' id='line_1_37' title="bbox 172 3346 1188 3436; baseline -0.004 -20"><span class='ocrx_word' id='word_1_297' title='bbox 172 3351 320 3428; x_wconf 82' lang='lat' dir='ltr'>transire,</span> <span class='ocrx_word' id='word_1_298' title='bbox 344 3350 437 3415; x_wconf 83' lang='lat' dir='ltr'>facile</span> <span class='ocrx_word' id='word_1_299' title='bbox 463 3360 513 3416; x_wconf 91' lang='lat' dir='ltr'>est</span> <span class='ocrx_word' id='word_1_300' title='bbox 537 3350 579 3415; x_wconf 89' lang='lat' dir='ltr'>ad</span> <span class='ocrx_word' id='word_1_301' title='bbox 598 3349 852 3436; x_wconf 87' lang='lat' dir='ltr'>intelligendum.</span> <span class='ocrx_word' id='word_1_302' title='bbox 880 3348 965 3411; x_wconf 82' lang='lat' dir='ltr'>Num</span> <span class='ocrx_word' id='word_1_303' title='bbox 992 3369 1056 3429; x_wconf 93' lang='lat' dir='ltr'>quo</span> <span class='ocrx_word' id='word_1_304' title='bbox 1081 3346 1188 3412; x_wconf 92' lang='lat' dir='ltr'>minus</span> 
     </span>
     <span class='ocr_line' id='line_1_38' title="bbox 171 3429 1186 3517; baseline -0.006 -16"><span class='ocrx_word' id='word_1_305' title='bbox 171 3435 391 3502; x_wconf 88' lang='lat' dir='ltr'>existimemus</span> <span class='ocrx_word' id='word_1_306' title='bbox 409 3446 557 3499; x_wconf 85' lang='lat' dir='ltr'>naturam</span> <span class='ocrx_word' id='word_1_307' title='bbox 583 3433 684 3497; x_wconf 82' lang='lat' dir='ltr'>altera</span> <span class='ocrx_word' id='word_1_308' title='bbox 703 3433 753 3498; x_wconf 91' lang='lat' dir='ltr'>sui</span> <span class='ocrx_word' id='word_1_309' title='bbox 771 3442 865 3517; x_wconf 85' lang='lat' dir='ltr'>parte</span> <span class='ocrx_word' id='word_1_310' title='bbox 884 3429 978 3513; x_wconf 80' lang='lat' dir='ltr'>qussi</span> <span class='ocrx_word' id='word_1_311' title='bbox 997 3429 1186 3509; x_wconf 83' lang='lat' dir='ltr'>claudicare,</span> 
     </span>
     <span class='ocr_line' id='line_1_39' title="bbox 173 3511 1187 3611; baseline -0.006 -25"><span class='ocrx_word' id='word_1_312' title='bbox 173 3544 272 3606; x_wconf 92' lang='lat' dir='ltr'>quum</span> <span class='ocrx_word' id='word_1_313' title='bbox 286 3518 380 3596; x_wconf 89' lang='lat' dir='ltr'>illud,</span> <span class='ocrx_word' id='word_1_314' title='bbox 395 3520 483 3603; x_wconf 87' lang='lat' dir='ltr'>quod</span> <span class='ocrx_word' id='word_1_315' title='bbox 497 3513 920 3611; x_wconf 76' lang='lat' dir='ltr'>moriendorespondest‚</span> <span class='ocrx_word' id='word_1_316' title='bbox 935 3511 1187 3598; x_wconf 85' lang='lat' dir='ltr'>nimirumquod</span> 
     </span>
     <span class='ocr_line' id='line_1_40' title="bbox 173 3594 1186 3680; baseline -0.006 -9"><span class='ocrx_word' id='word_1_317' title='bbox 173 3628 218 3671; x_wconf 93' lang='lat' dir='ltr'>ex</span> <span class='ocrx_word' id='word_1_318' title='bbox 236 3603 376 3669; x_wconf 83' lang='lat' dir='ltr'>inferis</span> <span class='ocrx_word' id='word_1_319' title='bbox 398 3627 438 3668; x_wconf 90' lang='lat' dir='ltr'>re</span> <span class='ocrx_word' id='word_1_320' title='bbox 472 3603 479 3617; x_wconf 90' lang='lat'>&#39;</span> <span class='ocrx_word' id='word_1_321' title='bbox 503 3610 525 3668; x_wconf 85' lang='lat' dir='ltr'>&#39;e</span> <span class='ocrx_word' id='word_1_322' title='bbox 545 3624 714 3680; x_wconf 87' lang='lat' dir='ltr'>vocamus,</span> <span class='ocrx_word' id='word_1_323' title='bbox 734 3605 954 3672; x_wconf 69' lang='lat' dir='ltr'>ueneremur,</span> <span class='ocrx_word' id='word_1_324' title='bbox 975 3594 1035 3662; x_wconf 87' lang='lat' dir='ltr'>hoc</span> <span class='ocrx_word' id='word_1_325' title='bbox 1049 3599 1186 3665; x_wconf 85' lang='lat' dir='ltr'>maxime</span> 
     </span>
     <span class='ocr_line' id='line_1_41' title="bbox 173 3605 1186 3790; baseline -0.008 -35"><span class='ocrx_word' id='word_1_326' title='bbox 173 3688 427 3790; x_wconf 79' lang='lat' dir='ltr'>impedit,.quod</span> <span class='ocrx_word' id='word_1_327' title='bbox 440 3605 566 3754; x_wconf 49' lang='lat' dir='ltr'>gillae</span> <span class='ocrx_word' id='word_1_328' title='bbox 578 3704 683 3750; x_wconf 88' lang='lat' dir='ltr'>rerum</span> <span class='ocrx_word' id='word_1_329' title='bbox 697 3681 903 3772; x_wconf 81' lang='lat' dir='ltr'>generatione</span> <span class='ocrx_word' id='word_1_330' title='bbox 917 3679 1081 3766; x_wconf 82' lang='lat' dir='ltr'>reciproco.</span> <span class='ocrx_word' id='word_1_331' title='bbox 1094 3684 1186 3767; x_wconf 86' lang='lat' dir='ltr'>paul-</span> 
     </span>
     <span class='ocr_line' id='line_1_42' title="bbox 173 3769 1186 3855; baseline -0.006 -15"><span class='ocrx_word' id='word_1_332' title='bbox 173 3775 263 3840; x_wconf 82' lang='lat' dir='ltr'>latim</span> <span class='ocrx_word' id='word_1_333' title='bbox 277 3783 344 3839; x_wconf 85' lang='lat' dir='ltr'>tota</span> <span class='ocrx_word' id='word_1_334' title='bbox 357 3794 463 3838; x_wconf 88' lang='lat' dir='ltr'>rerum</span> <span class='ocrx_word' id='word_1_335' title='bbox 478 3782 593 3837; x_wconf 79' lang='lat' dir='ltr'>natura</span> <span class='ocrx_word' id='word_1_336' title='bbox 603 3769 696 3854; x_wconf 85' lang='lat' dir='ltr'>quasi</span> <span class='ocrx_word' id='word_1_337' title='bbox 711 3769 885 3855; x_wconf 82' lang='lat' dir='ltr'>rigesceret</span> <span class='ocrx_word' id='word_1_338' title='bbox 896 3774 927 3829; x_wconf 88' lang='lat' dir='ltr'>et</span> <span class='ocrx_word' id='word_1_339' title='bbox 938 3778 1186 3834; x_wconf 87' lang='lat' dir='ltr'>consumeretur.</span> 
     </span>
    </p>
   </div>
   <div class='ocr_carea' id='block_1_3' title="bbox 183 3953 374 3964">
    <p class='ocr_par' dir='ltr' id='par_1_3' title="bbox 183 3953 374 3964">
     <span class='ocr_line' id='line_1_43' title="bbox 183 3953 374 3964; baseline -0.021 0"><span class='ocrx_word' id='word_1_340' title='bbox 183 3953 374 3964; x_wconf 79' lang='lat'><strong>-—-·--·--—-—-···-·</strong></span> 
     </span>
    </p>
   </div>
   <div class='ocr_carea' id='block_1_4' title="bbox 228 4056 567 4119">
    <p class='ocr_par' dir='ltr' id='par_1_4' title="bbox 228 4056 567 4119">
     <span class='ocr_line' id='line_1_44' title="bbox 228 4056 567 4119; baseline -0.015 -9"><span class='ocrx_word' id='word_1_341' title='bbox 228 4057 254 4119; x_wconf 70' lang='lat'>¹⁶)</span> <span class='ocrx_word' id='word_1_342' title='bbox 271 4059 301 4109; x_wconf 89' lang='lat' dir='ltr'>P.</span> <span class='ocrx_word' id='word_1_343' title='bbox 320 4062 359 4109; x_wconf 84' lang='grc'>69.</span> <span class='ocrx_word' id='word_1_344' title='bbox 378 4057 408 4106; x_wconf 89' lang='lat' dir='ltr'>B.</span> <span class='ocrx_word' id='word_1_345' title='bbox 431 4097 453 4104; x_wconf 82' lang='lat'>.-</span> <span class='ocrx_word' id='word_1_346' title='bbox 481 4057 518 4106; x_wconf 79' lang='grc'>70.</span> <span class='ocrx_word' id='word_1_347' title='bbox 538 4056 567 4105; x_wconf 73' lang='grc' dir='ltr'>Ο.</span> 
     </span>
    </p>
   </div>
   <div class='ocr_carea' id='block_1_5' title="bbox 0 0 1325 4620">
    <p class='ocr_par' dir='ltr' id='par_1_5' title="bbox 0 0 1325 4620">
     <span class='ocr_line' id='line_1_45' title="bbox 0 0 1325 4620; baseline 0 0"><span class='ocrx_word' id='word_1_348' title='bbox 0 0 1325 4620; x_wconf 95' lang='lat' dir='ltr'> </span> 
     </span>
    </p>
   </div>
  </div>
 </body>
</html>
