2604 4620
504 194 553 275 in
578 226 793 276 snrrosmu.
843 218 847 229 ’
1078 228 1158 275 xvii

141 378 240 448 Hunc
258 379 361 481 igitur
381 379 429 444 ita'
447 379 574 456 laudat,
603 387 644 442 ut
660 378 695 443 in
717 377 869 445 ebrietate
895 377 940 442 nil
961 377 1024 442 nisi
1043 384 1158 446 rernm
1208 370 1214 377 ’

137 476 344 552 pronuntiare
365 486 438 529 eum
460 472 614 549 appareat
625 464 666 544 *).

180 548 345 615 Describit
373 547 488 612 faciem
509 547 578 612 eius
600 556 632 611 et
652 546 791 625 vultum,
822 569 917 632 quem
940 570 1014 611 cum
1036 545 1156 613 Silenis

137 644 312 719 comparat.
347 631 388 696 In
415 631 484 697 eius
509 631 613 695 ironia
641 641 762 714 quanta
790 631 832 695 sit
854 632 1013 716 sapientia
1034 642 1067 696 et
1088 634 1155 697 elo-

138 719 284 802 quentia,
316 716 426 793 docet,
460 716 646 801 patientiam
676 727 708 780 et
734 715 954 780 fortitudinem
981 717 1016 780 in
1044 716 1159 782 militia
1211 722 1213 731 “

136 801 268 878 laudat,
280 799 471 865 immortalia
491 799 531 864 de
554 799 605 864 sui
626 809 659 864 et
673 800 807 864 aliorum
821 800 973 865 iuvenum
988 800 1159 887 disciplina

136 886 304 972 praedicat
334 884 459 949 merita.
500 884 675 948 Praeterea
703 884 772 948 eius
803 885 964 949 sanctitati
990 885 1024 948 in
1051 906 1159 950 amore

137 969 351 1037 clarissimum
372 969 428 1033 dat
449 969 676 1044 testimonium,
699 964 798 1052 seque
820 991 840 1032 a
862 966 995 1033 Socrate
1016 991 1080 1035 non
1104 991 1156 1035 se·

136 1076 196 1120 cus
219 1075 257 1117 ac
278 1052 379 1117 filium
400 1076 422 1129 a
440 1063 532 1139 patre
555 1062 698 1116 amatum
720 1072 791 1117 esse
813 1052 1022 1151 affirmat-“).

167 1135 356 1204 'Sodalibus
378 1137 446 1202 eius
467 1137 610 1202 oratione
632 1136 831 1213 exhilaratis,
860 1158 936 1201 mox
962 1137 1015 1201 ahi
1044 1158 1157 1223 super·

137 1220 272 1286 veniunt
294 1220 528 1298 comissatores,
558 1220 660 1286 turbis
681 1220 826 1306 repletur
846 1221 1039 1298 convivium,
1059 1233 1156 1320 pota-

138 1315 201 1385 tur,
224 1304 340 1390 reliqui
361 1304 526 1392 paullatim
547 1304 600 1370 vel
614 1305 745 1371 domum
762 1305 930 1370 discedunt
950 1305 1003 1371 vel
1023 1304 1069 1369 ibr
1089 1326 1159 1369 ma-

136 1400 248 1457 nentes
271 1412 384 1455 somno
411 1389 589 1475 sopiuntur.
624 1388 770 1477 Agatho,
800 1386 952 1456 Socrates
975 1399 1008 1454 et
1029 1389 1158 1454 Aristo-

160 1474 260 1541 hanes
298 1474 358 1539 soli
392 1473 522 1561 longam
558 1483 685 1538 noctem
723 1495 827 1558 usque
864 1474 906 1538 ad
942 1475 1018 1539 solis
1052 1482 1159 1539 ortum

136 1497 280 1624 bibendo
307 1558 501 1644 transigunt.
546 1556 699 1623 Socrates
727 1558 869 1642 disputat
897 1558 1094 1643 de'poetica
1126 1570 1160 1623 et

138 1642 338 1708 demonstrat
359 1640 502 1705 eiusdem
524 1662 595 1704 esse
639 1651 733 1706 cetae
754 1641 894 1706 officium
916 1652 948 1704 et
961 1642 1159 1728 tragoediam

138 1737 171 1791 et
204 1723 399 1791 comoediam
432 1722 583 1789 scribere.
667 1724 675 1740 ’
711 1724 894 1788 semisomni
923 1747 997 1789 eum
1024 1725 1160 1789 audiunt

140 1819 173 1875 et
193 1809 322 1874 tandem
343 1806 558 1885 obdormiunt,
580 1807 704 1894 primus
723 1807 972 1892 Aristophanes,
990 1809 1158 1873 secundus

137 1893 282 1983 Agatho.
320 1889 473 1957 Socrates
498 1892 606 1958 lautus
635 1914 709 1958 cum
729 1891 935 1957 Aristodemo
956 1892 990 1956 in
1011 1892 1159 1977 Lyceum

138 2001 174 2058 se
206 1978 333 2044 confert
366 1974 476 2062 ibique
506 1986 573 2042 toto
600 1976 651 2042 dis
676 1986 807 2063 peracto
834 1998 905 2043 sero
934 1977 1064 2042 domum
1091 1976 1160 2042 abit

138 2062 310 2129 dormitum
324 2059 403 2144 ***).
468 2132 472 2137 ,
938 2085 948 2092 ·

179 2271 254 2338 Hoc
271 2271 434 2360 igiturest
451 2270 527 2338 libri
547 2284 773 2362 argumentum
793 2271 909 2339 leviter
921 2271 1158 2359 adumbratum,

137 2357 335 2423 circumcisis
356 2356 467 2423 multis
488 2357 722 2436 venustatibus,
746 2357 862 2441 quibus
885 2356 1032 2444 dialogus
1053 2357 1096 2422 ad
1111 2356 1156 2424 si-

100 2494 105 2499 .
137 2440 456 2509 militudinem‘ritae
478 2441 684 2528 quotidianae
706 2452 738 2506 et
759 2441 863 2528 ipsius
884 2464 991 2507 rerum
1011 2436 1158 2521 veritatis

139 2525 437 2592 conformatusest.
1139 2526 1154 2539 ''

180 2735 351 2823 Sequitur,
379 2749 416 2804 ut
436 2738 656 2823 quaerendum
679 2738 720 2804 sit
741 2739 781 2803 de
802 2737 944 2805 universi
966 2737 1074 2886 operis
1094 2739 1158 2804 fine
1215 2739 1216 2742 ’

103 2870 107 2875 -
137 2845 176 2889 ac
201 2825 382 2909 proposito,
412 2824 454 2889 de
481 2845 545 2908 quo
571 2844 674 2908 usque
700 2824 743 2888 ad
769 2824 855 2888 hunc
880 2823 965 2888 diem
1016 2824 1158 2887 ominum
1182 2833 1186 2839 '

137 2908 306 2972 doctorum
345 2907 465 2971 iudicia
499 2907 704 2974 vehementer
740 2908 923 2992 discrepare
942 2977 944 2980 Α
963 2907 1028 2970 iam
1064 2917 1159 2981 antea

103 3030 110 3038 ·
139 2989 401 3088 significavimus.
436 2991 488 3056 De
514 3014 579 3076 qua
603 3015 639 3056 re
664 2991 779 3076 paucis
807 2991 887 3055 haec
907 2989 1033 3054 iuvabit
1055 3011 1156 3075 expo·

137 3096 253 3138 sursse.

181 3155 378 3223 Contuentes
400 3158 500 3244 igitur
521 3159 627 3224 animo
649 3180 687 3223 ac
709 3157 807 3221 veluti
827 3157 1000 3221 lustrantes
1016 3179 1070 3223 eas
1083 3180 1157 3223 ora·

104 3302 106 3308 .
137 3242 241 3311 tiones
263 3265 384 3322 omnes,
408 3264 488 3326 quas
502 3241 596 3307 Plato
618 3242 658 3307 de
680 3264 789 3307 amore
809 3240 935 3306 habitas
956 3241 1061 3327 fingit,
1082 3244 1157 3308 nul·
1212 3317 1215 3320 A

137 3327 203 3393 lam
218 3337 304 3392 certe
319 3327 525 3412 reperiemus,
548 3349 632 3411 quae
646 3329 698 3394 vel
713 3325 861 3392 subtilius
877 3325 1037 3391 elaborata
1050 3326 1092 3391 sit
1105 3329 1157 3394 vel

136 3411 240 3499 ipsius
253 3410 400 3479 Platonis
415 3411 605 3477 sententiam
626 3412 743 3477 clarius
757 3411 940 3499 patefaciat,
964 3433 1060 3494 quam
1073 3433 1157 3495 quae
1234 3492 1237 3497 Ι

137 3519 157 3560 a
180 3493 314 3563 Socrate
334 3497 497 3562 recitatur.
525 3495 686 3578 Quocirca
708 3519 749 3561 ex
771 3519 810 3560 ea
830 3496 969 3561 maxime
990 3488 1166 3580 probabile*

137 3591 187 3646 est
206 3582 286 3646 illud
307 3603 344 3647 eo
391 3581 457 3646 osci
477 3603 574 3666 posse
602 3591 633 3647 et
657 3581 808 3667 intelligi,
835 3582 923 3666 quod
948 3581 1096 3668 scriptori
1122 3582 1156 3646 in

138 3664 305 3732 scribendo
368 3666 516 3753 ymposio
549 3665 647 3731 fuerit
677 3666 887 3751 propositum.
930 3664 1020 3731 Hinc
1055 3666 1156 3753 igitur
1260 3734 1264 3741 ,

179 3851 207 3916 r)
223 3868 248 3917 p.
261 3859 318 3903 ara.
330 3853 351 3905 c
364 3895 395 3904 ,
409 3860 467 3905 215.
484 3856 518 3906 A.

165 3934 517 4001 mpma*ms

148 4019 204 4084 m)
222 4038 247 4085 p.
260 4026 318 4071 aaa.
328 4021 352 4072 B
364 4061 396 4072 ..
409 4028 467 4073 aas.
478 4024 513 4073 D.

171 4106 238 4155 Plat.
258 4105 323 4170 Opp.
339 4100 403 4155 Vol.
415 4106 436 4156 1.
455 4106 521 4160 Sect.
534 4107 584 4156 111.
