2604 4620
124 242 128 250 '
219 242 271 289 XX
594 237 865 287 PROLEGOMENA

221 391 306 457 enim
328 392 453 456 animus
475 390 778 477 philosophantium,
804 391 835 455 h.
859 388 1017 456 ararum
1038 392 1123 459 ultra
1142 396 1252 465 ,vitam

221 487 404 541 terrestrem
417 475 594 560 positarum
613 474 812 541 meditationi
832 475 1083 562 indulgentium,
1105 478 1165 545 ubi
1185 482 1250 547 ali·

220 560 350 644 quando
371 560 405 623 in
427 583 462 624 se
484 560 636 624 collectus
658 570 708 625 est
729 582 768 625 ac
789 559 888 624 veluti
915 572 1145 648 congregatus,
1175 565 1249 633 lieri

220 668 297 710 sane
323 644 369 708 ita
396 645 493 722 solet,
522 655 559 710 ut
586 645 620 709 in
647 644 719 731 ipso
744 644 1050 728 infinitus'quidam'
1064 658 1257 719 sensus'ac'

217 751 320 815 prope
342 728 477 793 dixerim
498 730 648 815 propriae
670 739 801 794 naturae
825 728 962 795 infinitio
987 730 1122 811 oriatur,
1154 736 1242 803 unde

218 812 367 892 efficitur,
388 824 425 879 ut
446 813 487 878 ad
507 825 644 879 naturae
662 813 696 878 in
712 835 746 879 se
760 813 924 879 absolutae
938 816 1098 901 planeque
1112 818 1244 887 divinae

217 898 318 963 veluti
338 898 567 965 divinationem
587 896 750 982 quandam
763 908 860 984 atque
881 900 1145 985 praesensionem
1166 926 1263 971 ove-¹

220 982 325 1048 hatur.
371 981 446 1063 Quo
474 983 607 1066 quidem
630 983 733 1067 ipsius
766 993 853 1047 statu
879 995 976 1068 atque
1004 984 1118 1051 habitu
1146 987 1241 1055 simul

100 1072 103 1079 '
219 1067 317 1133 etiam
343 1068 437 1133 ardor
465 1067 597 1153 quidam
624 1067 810 1133 accenditur
836 1069 938 1132 amori
964 1068 1052 1134 haud
1072 1069 1238 1152 absimilis,

219 1175 285 1235 quo
307 1151 349 1215 ad
370 1174 479 1217 rerum
501 1150 680 1217 divinarum
702 1161 734 1216 at
757 1174 799 1216 ue
820 1152 901 1218 adeo
921 1152 1025 1238 ipsius
1040 1154 1143 1220 divini
1155 1156 1191 1221 in
1204 1179 1239 1223 se

218 1235 356 1322 perfecti
379 1247 412 1301 et
432 1235 581 1314 absoluti,
597 1237 658 1302 hoc
672 1247 722 1301 est
735 1173 800 1314 dei,
821 1236 983 1302 infinitum
995 1238 1160 1322 quoddam
1174 1251 1238 1307 tra-

218 1321 349 1387 ducitur
369 1320 564 1387 desiderium
587 1321 682 1386 etad
704 1320 868 1387 absolutae
895 1323 1123 1408 perfectaeque
1142 1334 1237 1391 natu·

218 1428 273 1471 rae
296 1416 422 1475 centem
446 1405 597 1472 lationem
621 1416 653 1471 et
673 1405 916 1471 admirationem
929 1407 1086 1473 ineffabili
1097 1409 1238 1493 quadam

219 1490 396 1574 cupiditate
423 1428 528 1555 lertur
554 1501 588 1559 et
613 1490 781 1577 abripitur.
829 1490 990 1556 Nimirum
1019 1503 1138 1559 coeunt
1167 1502 1238 1559 tum
1273 1500 1277 1507 '

220 1574 312 1658 quasi
336 1575 370 1639 in
398 1597 499 1639 unum
527 1586 559 1640 et
586 1574 665 1640 inita
692 1575 845 1641 societate
865 1575 1007 1643 animum
1032 1576 1133 1643 veluti
1153 1579 1238 1643 ultra

220 1655 322 1724 seme't
342 1660 450 1745 ipsum
470 1659 610 1725 evehunt
631 1671 728 1744 atque
750 1661 917 1739 extollunt,
939 1670 1045 1745 quam
1057 1684 1133 1727 cum
1152 1660 1237 1727 Ter·

220 1743 352 1813 tulliano
374 1744 481 1810 dicere
503 1744 624 1822 licebit,
651 1745 768 1810 mentis
788 1745 881 1829 quasi
901 1746 1060 1830 quaedam
1080 1747 1238 1813 sensuali·

219 1841 266 1893 tas
293 1839 390 1912 atque
416 1829 687 1907 intellectualitas,
721 1851 826 1913 eoque
852 1830 1008 1910 efficitur,
1039 1840 1077 1895 ut
1101 1831 1239 1897 interius

219 1913 392 1978 sentiamus
419 1914 617 1980 intercedere
650 1913 733 1978 inter
760 1935 820 1979 nos
847 1924 944 1999 atque
970 1923 1115 1981 naturam
1144 1936 1237 1981 mere

218 1997 452 2082 intelligibilem
474 2021 513 2063 ac
533 2021 592 2084 per
614 2021 649 2064 se
670 1998 850 2064 absolutam
878 2000 1046 2067 arctiorem
1071 1998 1233 2083 quandam

219 2082 500 2165 necessitudinem,
525 2083 571 2146 ita
597 2093 634 2148 ut
661 2082 824 2161 etiamid,
849 2084 938 2167 quod
964 2106 1024 2171 per
1048 2104 1083 2151 sc
1107 2105 1235 2162 verum,

219 2166 341 2231 bonum
368 2177 400 2230 et
426 2167 575 2252 pulcrum
603 2177 664 2245 est,
693 2177 801 2232 mente
828 2169 1000 2253 animoque
1024 2178 1132 2235 nostro
1151 2179 1243 2235 tam-.

217 2272 314 2334 quam
342 2251 492 2337 augurari
519 2263 552 2317 et
570 2251 690 2317 intueri
711 2252 878 2317 videamur
904 2255 1065 2339 planeque
1085 2252 1237 2339 amplecti

220 2335 414 2401 studeamus.
437 2334 537 2402 Hunc
550 2336 651 2424 igitur
665 2337 762 2401 animi
775 2336 930 2416 habitum,
943 2338 1030 2404 ltunc
1042 2336 1130 2404 illius
1143 2337 1242 2422 quasi

218 2421 370 2486 affectum
397 2420 492 2487 Plato
521 2421 713 2509 designavit,
741 2443 840 2505 quum
866 2422 1044 2488 doctrinam
1065 2422 1107 2487 de
1127 2445 1238 2487 rerum

219 2506 400 2572 divinarum
422 2506 475 2571 vel
495 2506 640 2572 idearum
662 2528 788 2572 amore
814 2505 970 2584 condidit3
995 2508 1030 2571 in
1056 2527 1121 2588 quo
1147 2516 1236 2570 certe

216 2591 320 2690 ipsam
341 2603 488 2655 naturam
515 2592 629 2656 ducem
657 2603 754 2675 atque
775 2592 962 2680 magistram
982 2597 1137 2673 sequutus
1160 2611 1237 2655 esse

216 2675 257 2739 irs
279 2675 428 2739 omnibus
449 2676 552 2740 videri
578 2675 721 2754 debebit,
748 2676 804 2760 qui
830 2700 850 2741 a
876 2672 1068 2742 sublimioris
1089 2673 1234 2760 philoso-

217 2758 311 2845 phiae
334 2758 449 2824 studiis
475 2782 540 2826 non
570 2771 645 2824 sunt
670 2760 848 2827 alieniores.
884 2757 977 2843 Quae
1002 2757 1142 2844 quidem
1160 2782 1236 2825 sen·

218 2844 316 2909 tentia
339 2854 447 2909 nostra
474 2866 538 2928 quo
564 2844 668 2933 magis
692 2846 892 2932 intelligatur
912 2843 1030 2930 quibus
1056 2844 1182 2909 caussis
1202 2854 1236 2915 ct

216 2929 394 2995 rationibus
415 2929 546 3009 nitatur,
569 2943 656 2996 certe
676 2953 740 2997 non
761 2932 874 2997 inutile
896 2930 959 2996 erit
979 2929 1078 2996 etium
1095 2926 1233 2994 Germa-

217 3014 290 3081 nice
313 3014 527 3101 explicavisse
548 3037 631 3099 quae
652 3017 748 3082 medo
770 3014 1054 3082 oratione'Latina
1074 3013 1235 3100 explicare

218 3101 323 3167 conati
345 3123 465 3166 sumus.
496 3100 594 3166 Redit
614 3100 715 3189 igitur
737 3124 861 3166 summa
883 3123 1005 3177 eorum,
1026 3121 1110 3184 quae
1131 3121 1173 3164 ex
1196 3120 1232 3163 e·

217 3186 350 3263 suimus,
372 3186 439 3250 fere
460 3185 540 3250 huc:
575 3186 668 3264 „Der
694 3189 775 3252 baim
793 3185 1076 3272 pbilosophiscltea
1099 3182 1175 3249 Dea

216 3272 251 3332 ic
265 3271 332 3334 siclt
373 3272 493 3334 esculeto
519 3267 607 3335 Geist
621 3273 716 3336 altaet
737 3273 813 3336 bald
833 3274 883 3336 ct'c
903 3270 1044 3348 teter-a,
1065 3269 1232 3335 acaum-

217 3354 312 3417 lt'clter
367 3357 418 3417 eia
443 3354 682 3440 (Seieades),
708 3360 776 3421 aad
800 3378 832 3420 es
855 3357 1019 3421 verbiadet
1041 3354 1110 3418 siclt
1134 3355 1242 3439 dt'atcs¹

215 3435 331 3501 Almec
351 3439 445 3502 selbst
463 3441 520 3502 mit
540 3442 639 3503 cirtem
660 3441 884 3518 unecdlt‘cltea,
915 3441 1145 3525 unbeprenatett
1170 3433 1244 3523 Gt·⁸

213 3521 302 3603 falle
328 3524 424 3600 (oder
447 3523 676 3670 Bewusstsetp)
703 3530 758 3591 dea
782 3525 901 3590 tutem
923 3524 1151 3600 Salaecam,
1176 3543 1234 3586 aa·

208 3606 301 3692 folpe
331 3608 441 3670 descen
472 3628 507 3670 er
537 3611 594 3671 tet
656 3612 858 3675 erbdltttisse's
894 3612 949 3674 der
981 3611 1109 3694 eipeaca
1140 3604 1240 3685 Scias,

214 3714 288 3755 zum
303 3689 421 3754 lettere
438 3689 514 3755 seta
530 3694 602 3756 inat
620 3696 711 3759 wind.
738 3695 857 3776 Dicaea
870 3695 1018 3758 Zttstaad
1038 3695 1093 3758 der
1112 3686 1236 3755 Getam

130 3799 135 3803 ·
215 3777 284 3840 tritt
297 3776 358 3852 eia,
380 3796 471 3838 toeaa
492 3778 651 3842 eiaerset'ts
672 3782 722 3843 die
743 3781 937 3844 erlecacadc
950 3778 1056 3864 Kreft
1073 3776 1237 3841 desselben

215 3863 250 3925 ia
271 3860 359 3925 ihrer
379 3861 520 3925 oterstea
537 3860 663 3947 tipltdre
683 3863 925 3929 occaecatum
945 3863 1068 3927 Poteaz
1085 3860 1165 3937 tiber
1184 3861 1237 3924 dit

155 3981 158 3986 ·
215 3943 433 4030 Anscbattunp
458 3948 527 4011 aad
551 3949 609 4012 das
640 3948 725 4012 bloet
752 3949 1074 4033 ucrstaadesmdrsipe
1098 3942 1237 4011 Dentes

141 4047 144 4053 ’
216 4028 403 4117 ltiauuspebt
422 4032 490 4096 aad
508 4032 575 4097 siclt
595 4032 658 4116 aus
673 4034 732 4097 dcc
752 4032 1018 4110 decorticatum,
1042 4027 1237 4098 Ucendlt‘cltc
