2604 4620
386 244 701 309 suueosruu.
722 267 750 328 p.
776 246 839 308 rsa
861 245 906 310 st.
1099 248 1139 308 οι

136 429 263 511 ἑταῖροι
288 419 497 504 ὀνειδίζωσιν,
525 416 585 487 ἐάν
609 444 642 486 τι
667 415 768 506 ὁρῶσι
785 422 921 488 τοιοῦτο
938 418 1142 505 γιγνόμενον,
1217 490 1219 494 ,

136 527 192 592 καὶ
219 521 299 602 τοὺς
324 521 545 603 ὀνειδίζοντας
572 510 617 585 αὖ
645 524 677 587 οἱ
703 518 919 608 πρεσβύτεροι
953 516 998 606 μὴ
1023 524 1141 588 διοικῶ·
1171 530 1197 591 l)

136 624 237 692 λύωοι
262 620 342 711 μηδὲ
369 627 567 710 λοιδορῶσιν
593 619 636 699 ῶς
669 618 729 686 οὐκ
755 618 872 706 ὀρθῶς
898 626 1064 704 λέγοντας,
1099 629 1144 701 ale

137 729 172 793 δὲ
199 723 307 792 τοῦτοί
334 749 384 801 τις
419 713 462 790 οὗ
488 727 618 812 βλέψας
637 718 804 807 Ιἡγήσαιτ’
844 720 889 790 ἂν
915 720 1016 789 πάλιν
1040 722 1145 809 αἴσχι-

134 848 219 894 στον
240 823 281 894 τὸ
308 828 465 892 τοιοῦτον
495 821 622 890 ἐνθάδε
656 827 863 909 νομίζεσθαι.
890 819 928 890 τὸ
956 826 1004 902 δέ,
1041 823 1143 909 οἶμαι,
1198 861 1208 911 ⁴.

137 917 195 993 ὧδ’
226 933 306 1012 ἔχει·
332 923 393 1011 οὐχ
418 922 551 992 ἁπλοῦν
576 931 682 1005 ἐστιν,
715 919 797 1010 ὅπερ
825 923 858 1004 ἐξ
883 921 988 1009 ἀρχῆς
1012 927 1145 1011 ἐλέχθη,

138 1023 215 1095 odes
234 1022 338 1093 καλὸν
357 1024 442 1093 εἶναι
462 1020 547 1093 αὐτὸ
565 1021 653 1091 καθ’
684 1020 768 1092 αὐτὸ
786 1020 861 1092 οὔτε
877 1021 1031 1110 αἰσχρόν·
1048 1022 1144 1093 ἀλλὰ

139 1130 247 1206 καλῶς
268 1130 329 1215 μὲν
354 1122 586 1215 τραπόμενον
611 1122 733 1206 καλόν,
769 1128 909 1216 αἰσχρῶς
940 1128 974 1192 δὲ
1000 1122 1146 1214 αἰσχρόν.

139 1325 365 1377 librismutatum.
400 1321 530 1374 Videlicet
546 1322 652 1375 iteratur
670 1323 709 1374 hic
725 1322 787 1375 illud
805 1323 847 1383 δέ,
873 1320 943 1387 quod
962 1326 1003 1372 est
1019 1322 1044 1372 in
1060 1323 1146 1374 uerbis
1204 1332 1208 1345 ’

139 1392 242 1449 λιιιιδὰι
260 1395 286 1444 δὲ
306 1392 422 1455 παιδος,
441 1391 473 1442 de
490 1407 540 1456 qua
557 1392 678 1457 loquendi
698 1392 798 1442 ratione
816 1391 875 1452 alibi
894 1391 999 1442 dictum.

210 1461 248 1513 ου’
253 1483 271 1526 χ
288 1458 418 1513 ἁπλοῦν
435 1459 541 1525 ἐστιν]
567 1460 672 1511 Bestius
689 1460 738 1524 οὐχ
756 1458 892 1511 delendum
911 1459 1040 1511 censebat.
1061 1458 1146 1511 datius

140 1531 337 1594 oratiunculam,
362 1528 433 1594 quod
459 1528 532 1579 deest
555 1528 581 1579 iu
598 1530 698 1593 aliquot
716 1530 802 1592 libris,
832 1530 909 1581 scribi
927 1529 1040 1581 malebat
1055 1527 1148 1588 ἇιιλῶς.

140 1601 202 1652 Bas.
217 1601 243 1654 2·
259 1599 288 1650 τὸ
309 1601 351 1659 dl,
370 1597 460 1663 οἶμαι,
478 1592 525 1647 dd'
548 1596 647 1659 ἁπλοῦν
664 1601 740 1651 ἐστιν.
758 1614 783 1646 v.
801 1599 883 1663 intpp.

209 1669 357 1735 αἰσχρῶς
375 1666 429 1730 μὲν
446 1658 503 1714 σῶν
521 1665 625 1730 lora]
641 1666 731 1731 steph.
749 1664 855 1730 αἰσχρὸν
873 1686 911 1732 po,
930 1665 1000 1732 quod
1019 1673 1146 1718 mutatum
1203 1707 1206 1717 .

140 1754 157 1789 c
173 1737 251 1786 Bodl.
267 1733 430 1793 Coinillind.
446 1735 466 1785 i·
480 1732 504 1785 2.
517 1736 542 1786 7.
552 1735 615 1786 Par.
635 1735 727 1786 uuK.
744 1737 829 1786 ambr.
848 1742 913 1798 ling.
927 1751 952 1786 u.
962 1751 991 1785 u.
1005 1735 1062 1785 ilat.
1078 1750 1144 1800 n.‚p.

141 1822 164 1857 r.
174 1822 195 1858 s.
215 1805 278 1856 Veu.
293 1810 312 1854 t.
324 1803 394 1855 Flor.
408 1819 432 1855 a.
445 1803 470 1854 b.
485 1818 508 1851 c.
523 1804 538 1852 i.
550 1819 585 1865 n.‚
603 1804 755 1869 quibuscum
770 1803 826 1854 Ald.
842 1810 869 1854 et
881 1805 957 1854 Basa.
977 1805 1145 1859 consentiunt.

141 1873 341 1940 Stephaniauum
366 1877 502 1923 tenuerunt
525 1871 600 1923 Turr.
619 1878 723 1939 praeter
739 1879 837 1924 rectam
855 1875 989 1925 rationem.
1010 1888 1034 1924 u.
1053 1875 1146 1938 explic.

140 2009 246 2061 -οὔτε
260 2006 370 2074 αἰσχρόν
386 2010 501 2061 subiecto
512 2026 559 2061 suo
574 2027 618 2061 ca·
668 2010 771 2076 generis
790 2011 907 2075 exempla
925 2024 1002 2073 quum
1016 2009 1144 2075 ad'Gorg.

141 2096 200 2132 rere
213 2080 267 2130 visu
279 2084 340 2128 sunt
350 2084 469 2143 totusque
479 2082 549 2129 locus
560 2097 618 2131 om·
669 2079 760 2146 plau.
772 2078 800 2128 Ε.
813 2079 1004 2149 adscripsimus,
1023 2087 1077 2130 tum
1096 2080 1145 2131 alia

142 2146 505 2213 uinopraveperspeetusiuit.
517 2149 618 2201 Quam·
670 2143 749 2199 etiam
768 2148 907 2198 afferemus
925 2146 958 2196 ad
977 2147 1059 2213 Legg.
1077 2147 1144 2213 Vp.

143 2219 234 2269 obrem
266 2210 377 2282 primum
402 2216 501 2280 quidem
528 2212 618 2269 teneu-⁴
668 2215 762 2270 laur)
782 2216 907 2279 siquidem
924 2231 970 2281 per
982 2214 1058 2267 deum
1074 2224 1101 2268 et
1113 2218 1145 2268 li-

99 2320 104 2324 -
143 2284 205 2337 duur
224 2286 360 2336 estverba
377 2284 439 2334 adu
457 2284 535 2334 καλὸν
552 2285 619 2335 εἶναι
667 2283 1145 2351 brariurualiquandoiiet,utopusdu·

142 2381 176 2392 -
199 2354 260 2405 οὕιε
278 2352 398 2420 αἰοχροί,
425 2368 491 2417 quae
514 2355 618 2419 proprie
668 2350 917 2404 dumabsolutumiu
931 2356 1012 2405 lucem
1024 2356 1147 2407 'emittere

144 2423 273 2475 debebant
292 2437 351 2472 curn
370 2421 421 2486 οὐχ
444 2419 543 2470 ἁπλοῦν
563 2425 619 2473 ἐστι
670 2423 753 2474 liceat.
785 2423 875 2486 ltaque
898 2420 959 2471 οὔτε
983 2422 1060 2471 καλὸν
1080 2423 1145 2473 εἶναι

142 2492 276 2556 coniungi,
303 2491 368 2540 hune
385 2492 409 2540 in
429 2491 552 2541 modum:
570 2489 619 2555 οὐχ
669 2490 738 2542 idem
757 2496 798 2542 est
814 2490 964 2554 quododts
981 2492 1061 2540 καλὸν
1079 2491 1147 2542 εἶναι

143 2559 244 2610 durioris
260 2562 315 2608 ἔστι
332 2558 362 2608 τὸ
384 2558 445 2608 οὔτε
463 2559 620 2609 nativatem
669 2580 696 2610 τι
714 2576 734 2609 s.
754 2558 836 2609 οὐδέν.
867 2559 981 2624 Denique
999 2560 1145 2613 meminisse

143 2657 178 2668 -
196 2628 255 2679 οὔτε
274 2627 393 2696 αἰσχρόν,
417 2643 543 2692 suspensa
561 2644 619 2680 esse
671 2629 747 2681 etiam
760 2628 868 2694 iuuabit,
887 2634 944 2679 toto
963 2627 1086 2682 hocloco
1102 2645 1145 2680 re-

143 2699 229 2765 potius
250 2715 264 2749 e
277 2698 394 2747 membro
408 2695 509 2762 periodi
528 2713 620 2748 seeun—
671 2699 734 2764 spici
753 2697 786 2749 ad
801 2692 857 2759 illa,
875 2713 965 2763 quaea
979 2699 1107 2750 Pausania
1119 2715 1144 2764 p.

146 2768 218 2818 dario
246 2769 286 2816 rel
313 2765 473 2832 parenthesi:
503 2763 568 2834 ὁίιιρ
595 2766 621 2820 ἐξ
673 2768 730 2822 181.
749 2773 779 2820 Α.
800 2768 926 2833 explicata
951 2774 1023 2830 sunt3
1054 2769 1145 2833 quibus

144 2834 225 2902 ἀρχῆς
235 2835 339 2897 ἐλέχθη,
347 2836 382 2885 ita
392 2834 621 2898 quidem‚1rtdeiu-
672 2836 827 2901 comparatis
844 2852 910 2898 eam,
929 2851 1004 2899 qrram
1016 2851 1082 2886 nunc
1099 2835 1147 2885 de-

146 2909 287 2969 cepsrecta
298 2903 560 2968 orationepergntura
575 2903 619 2952 a‘t.
671 2905 813 2965 tendimus,
842 2905 891 2954 loci
910 2905 1147 2968 interpretationem

146 2970 175 3019 ld
203 2970 284 3024 καλῶς
313 2975 358 3032 μὲι
385 2998 417 3006 -
439 2970 553 3037 ιιῐοχρόι,
594 2974 621 3022 lu
674 2975 747 3023 unice
767 2971 1148 3036 veramrectamqueesseeti-

145 3054 195 3104 qua
216 3037 322 3102 quidem
342 3039 466 3088 enuntiati
479 3039 621 3090 conforma-
673 3057 713 3091 am
733 3040 830 3090 certius
848 3039 1012 3104 intelligetur.

146 3109 216 3160 tione
235 3106 284 3156 etsi
309 3106 413 3155 luerunt
436 3108 477 3170 qui
504 3108 622 3158 offende-

145 3182 212 3237 rent,
232 3181 319 3225 tamen
338 3175 379 3238 qui
399 3174 623 3227 Graecosmemi-
708 3177 844 3242 αἰσχρῶς
858 3178 918 3243 lule
936 3167 999 3227 οιῐι
1024 3173 1091 3224 ἐστι
1109 3172 1148 3240 τι]

146 3242 231 3299 sierint
249 3259 299 3294 non
329 3258 387 3293 raro
407 3244 539 3309 primarias
565 3260 625 3295 sen-
675 3245 713 3296 dd
733 3245 840 3309 αἰσχρῶς
858 3252 884 3296 et
900 3246 981 3299 καλῶς
999 3242 1148 3308 esuperio'-

146 3314 284 3366 teutiarum
317 3318 406 3377 partes
434 3328 511 3363 eum·
532 3326 626 3380 pareu—
674 3314 745 3365 ribus
760 3312 953 3379 intelligendum
968 3319 1009 3363 eat
1018 3311 1148 3380 apolenare.

146 3383 211 3436 tlresi
231 3386 385 3434 connectere
403 3383 504 3443 solere,
530 3398 626 3449 nequa·
675 3383 714 3434 De
729 3383 839 3447 Republ.
854 3383 902 3448 lp
925 3380 983 3436 339.
996 3382 1032 3432 C:
1052 3378 1150 3430 ου’κοῶι

148 3468 227 3519 quam
248 3451 274 3501 in
292 3450 333 3501 iliu
358 3449 508 3501 haerebunt.
544 3453 627 3502 Prae·
675 3448 1151 3516 ἐπιχειροῦντεςνόμοιιςτιθέναιτοῶς

146 3528 220 3573 terea
238 3535 300 3571 vero
325 3519 401 3570 etiam
423 3519 628 3570 animadverten-
675 3520 721 3588 ptr
739 3518 826 3587 ὀρθῶς
840 3525 955 3582 τιθέασι,
970 3514 1032 3574 τοῦς
1045 3521 1154 3574 dianae

149 3589 211 3641 dum
230 3596 271 3640 est
288 3587 438 3655 diligenter,
458 3589 526 3653 quod
545 3586 626 3637 καλόν
675 3587 724 3638 oda
742 3587 848 3654 ὄρθῶςς
866 3616 895 3626 -
911 3587 946 3639 Ta
962 3588 987 3638 dl
999 3585 1088 3653 opas<
1102 3587 1153 3653 (so.

151 3662 178 3708 el
197 3656 303 3724 αἰσχρόν
319 3658 375 3708 sine
394 3657 503 3708 sublacu
515 3659 625 3709 mentio·
675 3655 772 3722 νόμους
795 3656 918 3720 τιθέναι)
943 3655 973 3705 τὸ
1002 3657 1033 3706 τὰ
1059 3658 1154 3719 ξυμφέ-

151 3740 185 3776 ne
202 3728 314 3789 positum
335 3732 384 3789 est,
401 3738 436 3777 'ne
454 3724 503 3776 luoc
521 3724 625 3793 quidem
676 3723 755 3793 ροιιιί
765 3722 955 3776 dorsatensem
966 3726 1075 3782 ἑαυτοῖς.
1089 3724 1153 3773 ΡΙιι-

151 3809 168 3844 a
186 3794 286 3857 liuguae
310 3810 356 3844 usu
383 3801 409 3845 et
439 3795 626 3846 consuetudine
677 3810 705 3846 ra
735 3794 918 3861 adscripsimus
946 3793 977 3843 ad
1012 3789 1154 3857 Euthyphr.

152 3863 206 3913 ullo
225 3861 303 3913 modo
322 3863 453 3915 recedere.
485 3863 627 3929 Nampost
677 3860 1029 3930 paueratyupuauc
1051 3860 1154 3909 Hom-

150 3928 261 3993 uegandi
289 3932 443 3996 particulam
474 3933 627 3984 adieetivum
679 3933 772 3984 nuelli
790 3933 821 3984 ad
837 3933 863 3993 lt„
877 3936 889 3983 l
903 3930 1100 3996 disputationem
1115 3924 1155 3977 ia-

152 3997 627 4066 neutriusgeuerlsnoniterarousur-
678 4008 736 4053 teor
754 3998 796 4052 me
813 4017 864 4052 non
879 3999 1028 4063 intelligere.
1056 3995 1083 4047 is
1100 3994 1153 4045 sci·

151 4065 228 4136 patur
240 4066 286 4130 sic,
301 4073 330 4117 ut
341 4071 368 4116 tt
377 4068 499 4124 velodddv
514 4086 536 4123 ι.
549 4064 629 4138 ’μηδὲν
678 4070 738 4123 iicet
755 4069 787 4122 ad
806 4071 912 4135 αἰσχρῶς
926 4073 953 4117 et
969 4065 1049 4122 καλῶς
1064 4065 1153 4139 potius

99 4157 104 4165 ·
152 4133 346 4204 intelligendum
355 4138 525 4204 *relinquatua
550 4140 629 4193 Cuius
679 4141 761 4209 φιλεῖν
777 4139 883 4204 intelligi
900 4136 964 4189 vuit.
983 4132 1153 4187 'Moxrerba
