2604 4620
365 159 436 233 AD
461 156 790 235 PHAEDONEM.
1057 166 1105 237 25

89 339 153 407 Fr.
172 339 315 407 Actius
339 339 400 406 De
420 339 516 406 Vita
535 351 573 405 et
592 337 764 426 Scriptis
781 337 974 407 Platonis
993 358 1027 425 p.
1048 340 1109 407 151

91 448 151 575 qq„
176 425 231 525 qui
250 447 324 490 eum
337 424 490 510 proxime
515 435 601 523 post·
609 422 840 524 Protagoram,
867 421 1059 489 Phaedrum
1079 434 1113 489 ct

90 532 267 659 cittii?
286 533 330 679 31¹
346 506 1113 670 1lii⁰td⁰iiith⁸⁹t²ii..liiitiz

91 677 248 762 scripturn
263 700 350 754 esse,
372 676 466 741 cuius
481 675 530 739 rei
544 686 576 741 et
591 676 694 759 stylus
707 676 805 741 faciat
817 675 983 754 indicium,
1002 687 1037 741 et
1050 674 1112 741 de·

91 771 215 826 cretum
246 762 288 826 de
315 769 420 824 terrae
440 759 516 824 sede
537 782 569 844 p.
589 762 650 824 109
672 759 717 822 A.
748 760 961 843 propositum,
1006 759 1110 845 uippc

91 845 179 930 quod
200 854 330 930 pugnet
350 866 424 908 cum
441 842 494 919 iis,
514 864 598 926 quac
612 853 718 907 aetate
731 843 911 927 provectior
927 843 962 907 in
975 781 1109 909 dinnao

90 927 411 1014 praescripserit.
424 923 966 1010 SooherusdeniqucinlibroDc
977 922 1110 1013 Scrip-

91 1013 144 1076 tis
165 1011 275 1074 Plat.
328 1013 392 1076 ,79
408 1033 477 1095 sqq.
492 1011 599 1096 ipsum
613 1033 678 1075 non
696 1011 744 1075 ita
756 1010 947 1111 multopost
965 1007 1110 1077 Scantia

93 1095 223 1160 obitum
242 1116 280 1158 co
316 1105 417 1160 ectum
438 1117 509 1160 ease
528 1094 651 1161 statuit.
678 1093 750 1160 Nec
770 1117 847 1161 vero
866 1118 900 1160 rn
919 1094 1032 1180 ipsoo
1074 1116 1111 1159 rc

96 1177 300 1261 reperiuntur
323 1179 473 1263 temporis
497 1179 615 1244 indicia
638 1190 728 1245 certa
757 1189 815 1244 aut
835 1178 1008 1245 evidentia.
1072 1198 1110 1243 oo

96 1273 198 1326 tamen
219 1261 311 1327 nobis
331 1263 527 1348 persuadere
545 1285 736 1349 possumus,
763 1262 883 1328 librum
908 1262 1018 1327 statim
1081 1272 1113 1327 st

94 1343 237 1411 Socratis
262 1357 396 1412 mortem
419 1347 576 1432 scriptum
596 1370 678 1413 esse.
706 1346 794 1411 Nam
820 1346 962 1433 primum
982 1344 1037 1429 qui
1060 1366 1111 1411 em

90 1429 144 1495 illo
156 1439 301 1515 ternpore
311 1431 485 1496 verisimile
492 1443 543 1496 est
549 1429 715 1497 Critonem
725 1429 956 1530 etApologiam
961 1429 996 1494 in
1007 1429 1111 1496 lucem

90 1514 260 1662 prodiisse,
281 1513 318 1578 in
332 1514 450 1597 quibus
463 1514 557 1580 libris
569 1515 606 1580 id
618 1516 727 1601 ipsum
747 1526 815 1602 egit
833 1514 1055 1601 philosophus,
1075 1524 1112 1577 ut

118 1597 236 1664 ocratis
251 1599 303 1664 vel
316 1598 351 1662 in
363 1599 484 1665 iudicio
489 1601 551 1664 ‘vel
567 1599 602 1663 in
616 1622 745 1665 carcere
763 1599 924 1664 versantis
938 1598 946 1613 '
1026 1598 1035 1613 ‘

113 1693 297 1780 poponeret.
317 1682 390 1746 Iam
403 1706 481 1747 vero
496 1691 569 1782 quis
580 1683 723 1782 est-quin
735 1680 934 1782 largiaturP
1016 1702 1112 1779 onepr

94 1765 1116 1930 ..iiiiiiiiiiitii‘iiiiiti.i.tiiiiii.iii⁸ib

94 1930 237 2076 scriptus
263 1928 368 1994 videri
394 1926 533 1992 debeat?
564 1927 703 1993 Accedit
749 1929 816 1993 uod
836 1928 1043 2027 philosophus
1063 1928 1118 1993 illo

95 2013 152 2097 qui
176 2036 228 2079 cm
255 2023 401 2096 tempore
426 2011 555 2096 scriptis
579 2011 643 2077 illia
663 2013 696 2076 di
750 2011 837 2098 gatis
857 2012 988 2096 pietatm
1010 2010 1117 2079 officio

97 2095 296 2161 satisfecisse
321 2096 423 2160 rideri
445 2097 561 2180 potuit.
602 2093 670 2161 Sed
695 2097 758 2161 alia
783 2096 880 2161 etiam
905 2108 995 2174 sunt,
1027 2095 1114 2163 undo

97 2179 302 2244 Phaedonem
328 2179 416 2244 haud
435 2180 545 2264 paullo
564 2191 639 2266 post
661 2178 807 2246 Socratis
829 2192 964 2246 mortem
988 2181 1111 2247 editum

95 2287 165 2329 esse
188 2263 350 2329 coniicias.
383 2262 577 2349 Explicatur
597 2265 682 2330 enim
700 2265 734 2330 in
756 2264 817 2330 hoc
842 2264 925 2330 libro
953 2265 1043 2331 locus
1069 2265 1111 2332 ds

92 2347 329 2412 immortalitate
343 2348 401 2425 ita,
423 2358 460 2412 ut
473 2349 619 2414 idearum
634 2348 781 2415 doctrina
795 2348 838 2414 ad
852 2372 926 2414 cum
945 2348 1111 2415 illustran-

92 2432 171 2495 dum
186 2432 384 2496 traducatur.
406 2430 458 2496 Ea
473 2455 549 2497 vero
569 2433 604 2496 in
622 2432 799 2498 Phaedone
818 2433 864 2497 ita
889 2442 940 2498 est
958 2432 1112 2517 perfecta,

91 2515 137 2578 ita
151 2525 372 2579 censummata
392 2524 424 2579 et
438 2515 596 2592 absoluta,
615 2527 652 2580 ut
664 2516 699 2580 in
713 2517 802 2580 nullo
817 2516 881 2580 alio
898 2514 982 2580 libro
996 2515 1112 2600 magis.

93 2597 256 2678 Quocirca
277 2599 436 2685 suspicari
454 2598 530 2664 licet
547 2599 636 2664 hunc
654 2599 821 2686 dialogum
839 2623 859 2663 a
879 2597 1016 2664 Platone
1039 2609 1114 2684 post

114 2682 231 2746 rimum
246 2683 381 2748 'demum
404 2682 520 2747 iter-in
544 2682 673 2748 Italiam
695 2694 728 2749 ct
754 2681 899 2749 Siciliam
925 2696 1112 2781 susceptum

90 2706 193 2831 literis
215 2776 383 2831 exaratum
404 2788 491 2831 esse:
510 2790 587 2830 nam
603 2766 660 2832 illo
679 2777 825 2851 ternpore
839 2788 913 2831 eum
933 2766 1113 2832 doctrinam

92 2872 203 2926 suam,
219 2849 359 2935 cognitis
373 2850 557 2915 accuratius
571 2849 810 2926 Eleaticorum,
824 2848 1067 2936 Megaricorum
1082 2861 1115 2914 et

92 2932 374 3017 Pythagoreorum
380 2931 519 3017 placitis,
534 2932 1115 2999 etconsummavisseetadmaximam

94 3015 283 3080 subtilitatis
296 3016 527 3099 perlectionem
541 3015 757 3079 elaboravisse
767 3015 866 3098 longe
880 3026 930 3078 est
944 3014 1117 3077 verisimil-

95 3098 222 3159 limum.
264 3095 331 3158 Oui
356 3097 522 3158 doctrinae
547 3117 646 3176 quam
669 3095 837 3158 dissimilis
864 3095 948 3157 ratio
971 3094 1120 3158 Platonis

99 3178 200 3242 fuerit
221 3198 285 3260 quo
305 3186 451 3260 tempore
467 3173 619 3241 Socrates
643 3176 755 3241 iudicii
775 3175 951 3259 periculum
978 3173 1119 3254 subibat,

96 3260 266 3326 evidenter
275 3270 412 3358 apparet
425 3259 522 3325 eloco
531 3258 684 3325 Menonis
693 3283 728 3346 p.
740 3261 779 3325 81
787 3259 832 3323 Α.
845 3281 914 3345 sqq.
927 3271 958 3325 et
967 3283 1000 3346 p.
1013 3258 1115 3339 8οΑ.,

94 3345 152 3410 ubi
172 3366 272 3428 quum
291 3354 368 3408 rtem
393 3343 433 3407 de
457 3342 635 3409 animorum
663 3343 902 3409 immortalitate
925 3344 1113 3423 disserebat,

95 3440 204 3494 tamen
216 3428 362 3493 idearum
377 3427 543 3493 doctrinae
561 3428 649 3493 nulla
670 3427 879 3513 reperiuntur
897 3429 978 3495 ves'
1006 3428 1014 3444 ‘
1042 3454 1051 3504 3
1081 3454 1112 3496 v.

92 3510 482 3599 Prolegg.adPolitic.‚p.
491 3511 878 3589 31-37.Adhooaooedit‚
886 3513 973 3597 quod
1008 3513 1112 3580 latoin

95 3817 255 3867 statuendum
272 3819 317 3868 sit:
345 3819 372 3867 in
391 3788 527 3883 Symposio
550 3820 617 3883 enim
633 3821 818 3886 philosophum
836 3822 948 3888 depingi,
966 3822 1067 3885 qualem
1085 3836 1114 3869 sc

95 3884 121 3931 in
136 3881 187 3934 vita
205 3885 339 3935 exhibeat:
367 3884 394 3934 in
409 3885 548 3935 Phaedone
567 3894 652 3938 autom
665 3888 815 3953 philosophi
837 3887 970 3940 morientis
988 3885 1114 3935 declarari

97 3949 223 4014 virtutem
240 3967 263 4002 v.
282 3952 368 4004 Praei.
387 3952 421 4002 od
439 3952 555 4017 Sympos.
