2604 4620
139 157 187 229 aa
283 101 571 229 uriniano
597 153 667 226 AD
694 152 1019 231 Punuoouuu.

138 332 381 402 tanbaehius
394 332 594 419 diligentiam
608 333 771 419 praestitit
783 333 818 400 in
832 336 1021 404 enarrandis
1041 337 1153 404 lectio·

137 418 237 486 nibus
257 417 404 484 codicum
418 417 665 484 Venetorum
686 441 716 485 c.
737 419 780 496 d,
803 441 939 503 quarum
954 444 1051 486 usum
1065 421 1152 487 Mo·

139 500 402 602 '⁶¹¹59.‘¹0b¹¹⁵i·
422 500 559 650 lItaqrffi
571 501 826 652 hisdqrppplpeeeip
845 504 956 571 critica
976 505 1153 572 factitando

138 607 410 768 nonoptresrmppupg
416 608 502 734 hoiis
508 680 541 735 et
554 608 696 749 iiilunlde
707 635 822 736 Basti
825 695 870 737 us
880 672 986 738 varias
996 672 1152 738 lectiones

138 775 216 819 exce
258 753 309 831 sit,
323 753 421 819 ndem
436 754 587 820 videntur
600 778 682 833 esse,
720 778 780 821 uos
792 755 993 822 Bekkerus
1007 757 1151 843 appella-

137 836 186 901 vit
207 836 231 899 Ξ
263 886 271 903 .
296 836 351 904 De
366 836 451 904 Ven.
465 837 497 905 b.
512 839 547 902 id
560 862 625 904 non
639 777 860 943 estdubium.¹
868 838 935 906 Sed
948 840 1039 940 ἵει).
1055 863 1074 903 a
1087 861 1152 938 pon
1172 850 1173 855 ’

228 944 424 1070 thath
438 922 882 1073 &chunitrud
894 946 1005 1073 „tt
1027 923 1152 1071 ldis

137 1026 300 1153 {ugilius
325 1027 515 1152 fascididum
534 1088 697 1152 variarum
719 1056 895 1163 lectionum
914 1092 957 1156 ad
978 1027 1152 1166 ebionim,

4 1201 8 1207 ·
137 1169 335 1258 Apologiam
349 1182 382 1236 et
394 1170 599 1236 Phaedonem
614 1193 722 1237 errore
740 1171 868 1236 videtur
881 1195 1016 1238 numero
1036 1173 1156 1239 codicia

139 1257 212 1322 189.
233 1255 448 1340 inscripsisse,
472 1276 572 1338 quum
592 1255 688 1320 vellet
708 1257 778 1321 184.
800 1254 867 1335 Qui
888 1277 977 1319 error
996 1257 1093 1320 etiam
1113 1256 1154 1321 ad

131 1338 333 1427 ¹Apologiam
348 1350 381 1405 et
396 1337 563 1405 Critonem
577 1339 738 1404 notandus
756 1338 827 1404 fuit.
852 1338 1033 1403 Maximam
1046 1348 1154 1403 autem

137 1424 383 1490 consensionem
402 1444 474 1488 esse
494 1422 579 1488 Ven.
600 1423 625 1486 Ξ
645 1434 678 1488 et
701 1423 787 1501 eius,
813 1445 908 1506 quem
926 1422 1007 1487 falso
1026 1440 1059 1487 n·.
1080 1423 1153 1486 189.

137 1507 331 1591 inscriptum
346 1516 585 1593 putaveramus,
601 1506 653 1573 vel
667 1531 708 1572 ex
721 1507 762 1572 iis
776 1506 911 1592 intelligi
925 1507 1054 1591 poterit,
1070 1526 1153 1590 quae

137 1591 181 1657 ad
194 1590 392 1677 Apologiam
405 1601 438 1656 et
453 1588 621 1669 Critonem
634 1592 710 1656 inde
725 1591 934 1656 enotavimus.

180 1673 296 1741 Restat
309 1685 347 1739 ut
360 1675 555 1741 narrandam
575 1675 627 1753 sit,
648 1674 814 1742 Christo
851 1675 990 1739 horum
1010 1671 1153 1737 Eberh.

135 1757 375 1826 Finckhium
389 1781 494 1859 nuper
507 1782 591 1825 novo
603 1759 666 1824 sibi
677 1783 809 1825 munere
819 1697 965 1823 homines
975 1757 1155 1820 litterarum

138 1840 341 1910 Graecarum
362 1844 524 1910 studmsos
545 1842 739 1920 devinxisse,
755 1843 874 1989 quippe
889 1841 945 1924 qui
963 1840 1094 1905 tandem
1114 1861 1154 1904 ex

137 1926 406 1994 bibliothecarum
433 1927 567 1993 latebris
591 1927 626 1992 in
655 1927 817 2012 publicam
856 1948 950 1990 noem
979 1923 1153 2008 protraxit:

139 2009 425 2098 Olympiadori
449 2010 608 2075 Scholia
629 2011 671 2073 in
688 2010 905 2086 Platonem,
935 2018 1032 2092 atque
1051 2006 1154 2072 doctis

137 2094 373 2159 commentariis
387 2095 547 2155 instructa
561 2092 671 2165 edidit,
700 2090 971 2154 Heilbronnae
995 2090 1154 2156 sumtibus

136 2173 162 2240 J
163 2220 171 2237 .
188 2173 261 2238 Ulr.
278 2173 445 2237 Sandherr
461 2173 553 2236 1847.
584 2174 614 2236 8.
647 2170 753 2250 Quem
769 2172 898 2252 quidem
911 2169 1031 2234 librum
1044 2173 1154 2238 Phac-

136 2256 231 2321 donis
240 2255 415 2320 lectoribus
430 2255 526 2330 omni,
543 2275 607 2335 qua
617 2276 677 2337 par
690 2263 750 2327 est,
773 2250 978 2317 observantia
992 2261 1024 2316 et
1037 2252 1153 2318 huma-

136 2337 237 2404 nitate
250 2338 424 2424 legendum
439 2335 709 2403 commendamus.

180 2587 298 2652 Virum
308 2586 497 2651 claudantur
510 2584 683 2668 aliquando
697 2586 804 2663 rivrrli3
820 2596 871 2651 sat
884 2574 978 2670 prata
990 2558 1151 2653 biberunt.

135 2669 246 2747 Plura,
262 2670 290 2735 si
303 2668 397 2735 Deus
412 2668 558 2746 voluerit,
574 2668 637 2735 alio
652 2681 794 2756 tempore
809 2671 1045 2757 opportuniore.
