2604 4620
412 225 481 301 ro
516 188 877 303 rumnouun'
1136 232 1156 302 r

595 358 610 391 Ι

138 409 248 477 Veluti
267 409 295 475 si
313 408 394 474 illud
411 418 538 474 tantum
557 409 714 488 eveniret,
734 408 823 493 quod
837 430 990 474 vocamus
1012 406 1156 473 obdor-

137 495 325 572 miscere,
347 516 453 579 neque
472 493 580 559 locum
598 491 732 559 haberet
752 493 962 572 aurariam,
984 492 1073 577 quod
1095 514 1158 557 ex·

138 579 417 666 pergircimur,
432 576 542 643 omnia
555 577 598 641 ad
610 588 790 643 extremum
800 589 957 664 perpetuo
972 599 1159 663 premeren-

139 675 190 728 tur
205 685 328 730 somno.
350 662 479 727 Eodem
492 661 593 746 igitur
613 661 708 727 modo
722 662 762 727 de
778 685 831 740 eo,
851 663 939 746 quod
952 662 1160 728 moriendo

137 760 188 814 est
196 748 407 822 contrarium,
421 745 558 809 iudicari
568 746 728 812 convenit.
742 745 828 811 Nam
838 747 866 811 si
877 747 985 813 omnia
994 769 1158 813 moreren-

138 842 201 910 tur,
215 855 280 898 nec
295 829 476 914 quidquam
489 828 595 895 denuo
608 828 644 893 in
656 829 757 893 vitam
770 830 904 895 rediret:
925 832 968 895 ad
979 843 1158 897 extremum

137 917 248 985 omnia
268 915 378 979 forent
395 923 557 990 emortua,
582 912 662 977 nihil
681 912 814 999 vigeret.
846 913 922 979 Hoc
939 915 1040 1001 igitur
1060 938 1158 1002 argu·

138 1011 251 1065 mento
264 997 345 1062 mihi
360 1007 504 1062 constare
518 997 647 1062 videtur
657 997 782 1063 animos
795 997 962 1065 hominum
976 1010 1079 1067 morte
1093 1022 1158 1067 non

140 1083 299 1160 consumi,
322 1082 378 1147 sed
391 1104 518 1147 manere
539 1104 594 1147 eos
608 1081 705 1147 aliam
720 1082 830 1161 ritem,
850 1083 886 1149 in
899 1106 965 1169 qua
980 1083 1075 1151 bonis
1089 1108 1159 1153 me·

141 1169 214 1245 lius,
228 1167 320 1232 malis
334 1166 426 1252 peius
439 1167 584 1232 firturum
598 1167 690 1253 sit').

196 1251 281 1325 Tum
296 1249 418 1317 Cebes:
439 1250 513 1339 Ego
532 1274 621 1330 vero,
640 1275 662 1318 o
677 1249 841 1330 Socrates,
863 1253 1057 1319 sententium
1071 1265 1160 1319 uram

139 1347 206 1403 toto
224 1346 354 1423 pectore
373 1337 559 1423 amplector.
583 1335 694 1418 Quam
711 1347 749 1401 ut
767 1359 828 1422 pro
847 1360 925 1402 vera
942 1337 1090 1416 habeam,
1109 1337 1159 1403 fa·

137 1422 229 1487 ciunt
248 1422 346 1486 etiam
360 1444 409 1499 ea,
447 1445 509 1488 uae
524 1422 690 1508 superiore
705 1432 849 1507 tempore
862 1422 906 1488 de
920 1445 959 1488 eo
972 1422 1024 1488 dis
1050 1420 1160 1499 utasti,

137 1507 225 1590 quod
243 1516 346 1571 totum
364 1445 454 1584 iilud,
475 1507 562 1592 quod
581 1507 738 1573 discere
758 1529 923 1584 vocamus,
948 1507 994 1572 nil
1048 1507 1103 1571 'ud
1118 1506 1161 1573 sit

135 1591 199 1656 nisi
212 1591 428 1657 reminisci.
449 1591 525 1657 Hoc
533 1592 621 1657 enim
636 1592 665 1656 i
675 1615 788 1657 verum
798 1601 859 1668 est,
874 1591 1017 1657 animum
1026 1614 1159 1657 necesse

136 1686 197 1753 est,
217 1686 392 1760 antequam
411 1677 446 1741 in
464 1676 548 1741 hanc
561 1676 662 1743 vitam
675 1676 822 1753 intraret,
837 1676 981 1762 viguisse
995 1687 1094 1775 atque
1107 1698 1159 1740 re-

137 1781 213 1822 rum
233 1760 366 1823 notities
384 1759 421 1822 in
440 1760 616 1824 humanum
638 1783 758 1843 corpus
780 1783 891 1825 secum
911 1760 1069 1826 attulisse.
1096 1758 1161 1825 His
1279 1803 1282 1811 ·

138 1840 261 1905 auditis
279 1838 447 1904 Socrates:
469 1840 536 1904 Sed
553 1864 595 1904 ne
612 1843 696 1905 forte
713 1841 865 1905 Simmiae
880 1842 956 1906 huic
968 1842 1086 1907 rationi
1098 1842 1161 1906 dif-

137 1925 228 2001 fidat,
251 1925 365 1989 eadem
392 1923 490 1988 etiam
510 1923 582 1988 aliis
600 1925 802 2022 argumentis
823 1923 1024 2009 comprobari
1045 1935 1163 2008 potest.

139 2009 237 2090 Quae
258 2009 370 2093 qualia
390 2008 464 2084 sint,
484 2030 570 2072 nunc
588 2008 736 2092 accipite.
761 2007 916 2089 Quotidie
935 2008 1020 2073 enim
1034 2008 1162 2094 experi-

138 2116 214 2159 mur
227 2115 288 2157 nos
298 2116 339 2157 ex
350 2091 445 2157 unius
455 2091 489 2156 in
499 2092 631 2157 alterius
644 2092 691 2157 rei
707 2093 935 2179 cogitationem
946 2092 1073 2158 deferri.
1098 2091 1161 2159 So·

139 2179 207 2244 lent
220 2178 305 2243 enim
319 2199 371 2241 res
385 2176 497 2253 oculis,
511 2175 656 2254 auribus,
672 2177 745 2242 odiis
761 2176 921 2255 sensibus,
939 2188 1111 2278 perceptae
1125 2178 1160 2244 in

138 2273 244 2328 mente
257 2261 399 2326 excitare
406 2261 632 2347 cogitationem
646 2282 754 2326 rerum
768 2261 888 2327 abillis
925 2262 998 2327 lane
1013 2263 1158 2329 diversa·

136 2369 219 2411 rum.
253 2345 304 2411 Ut
325 2345 353 2410 si
375 2345 448 2430 quis
469 2357 643 2445 conspecta
662 2346 757 2410 amici
776 2347 850 2445 lyra
871 2284 925 2411 vei
943 2358 1034 2412 veste
1053 2346 1158 2432 ipsius

136 2431 232 2496 amici
245 2430 445 2507 recordatur,
460 2441 517 2494 aut
537 2454 565 2494 s1
578 2429 754 2515 imaginem
768 2453 838 2495 erus
851 2430 981 2496 intuens
996 2431 1093 2497 tacite
1108 2454 1160 2497 se·

137 2538 212 2580 cum
225 2514 358 2591 iudicat,
380 2537 478 2598 quam
498 2537 599 2600 prope
619 2514 674 2578 illa
695 2515 737 2578 ed
762 2513 832 2578 eius
848 2514 1090 2579 similitudinem
1105 2538 1160 2580 ac-

138 2600 233 2665 cedet
251 2598 363 2664 veleb
394 2622 433 2664 ea
456 2598 549 2664 absit.
581 2597 697 2682 Neque
717 2621 794 2664 vero
813 2599 857 2662 ad
875 2622 913 2664 ea
935 2599 1050 2676 solum,
1077 2621 1160 2683 quse

139 2682 289 2749 sensibus
308 2683 433 2769 percipi
452 2694 603 2768 possunt,
625 2683 793 2748 referimus
815 2683 880 2762 illa,
902 2706 985 2769 quae
999 2684 1157 2762 videmus,

139 2768 299 2846 audimus,
314 2769 481 2846 sentimus,
493 2769 555 2851 'sed
565 2768 664 2833 etiam
678 2768 721 2847 ad
734 2767 861 2854 species
876 2768 1033 2853 quasdam
1046 2779 1081 2833 et
1093 2769 1160 2833 for·

139 2874 209 2917 mas
223 2854 291 2917 solo
305 2853 412 2918 animo
425 2853 685 2939 comprehensas,
703 2875 785 2936 quas
800 2852 834 2916 in
847 2852 909 2918 hac
922 2875 1032 2918 rerum
1045 2863 1161 2918 natura

138 2958 301 3021 nusquam
320 2948 449 3007 exstare
468 2938 668 3022 compertum
688 2936 857 3002 habemus.
890 2936 1053 3002 Tenemus
1075 2936 1161 3001 enim

140 3021 246 3085 animo
259 3031 371 3086 nostro
387 3022 623 3118 speciem'eius,
639 3021 727 3102 quod
739 3043 799 3103 per
811 3043 846 3084 se
857 3020 967 3102 ipsum
980 3031 1031 3084 est
1042 3020 1161 3085 hones·

142 3114 212 3165 tum
232 3115 267 3166 et
285 3114 299 3166 t
362 3126 391 3177 e,
410 3113 534 3166 rustum
553 3112 587 3166 et
602 3103 769 3178 iniustum,
788 3122 944 3184 magnum
962 3111 996 3164 et
1015 3123 1163 3184 parvum,

144 3186 248 3249 simile
273 3195 306 3249 et
351 3184 496 3261 ’ssimile,
519 3184 570 3248 ad
580 3204 716 3266 eamque
734 3183 875 3267 speciem
888 3183 1007 3248 referre
1022 3184 1162 3250 solemus

141 3292 190 3346 ea,
222 3290 306 3369 quae
336 3267 484 3333 sensibus
516 3267 637 3347 nostris
661 3266 868 3351 percipimus.
909 3265 975 3332 Sed
999 3268 1160 3334 undenam

139 3354 238 3418 animi
258 3352 360 3418 nostri
384 3351 467 3417 hanc
487 3351 708 3419 absolutarum
726 3352 902 3416 formarum
924 3351 992 3417 sive
1011 3352 1157 3419 idearum

140 3438 357 3524 cognitionem
370 3436 568 3502 hausenmt?
589 3433 688 3502 Certe
703 3435 851 3519 sensibus
866 3436 1010 3522 corporis
1023 3461 1090 3502 non
1104 3461 1158 3504 ac·

140 3532 312 3607 cepenmt:
328 3521 379 3586 his
393 3521 553 3586 enim'non
566 3520 687 3585 utimur
700 3520 806 3585 nisiin
820 3544 929 3586 rerum
945 3522 1159 3607 singularium

140 3607 347 3693 perceptione
372 3605 715 3670 etanimadversione.
752 3604 869 3691 Itaque
893 3606 1096 3691 relinquitur,
1121 3617 1159 3672 ut

140 3691 268 3755 animus
286 3713 395 3756 rerum
415 3713 475 3776 per
497 3708 532 3755 se
553 3688 772 3756 absolutarum
797 3691 929 3756 notitias
950 3714 1015 3756 non
1038 3691 1073 3756 in
1097 3690 1159 3756 bac

141 3775 269 3840 demum
294 3775 362 3840 vita
380 3775 552 3861 acceperit,
579 3776 636 3840 sed
655 3785 829 3860 antequam
849 3797 922 3841 cum
940 3775 1001 3843 hoc
1023 3797 1158 3860 corpore

192 4053 535 4117 ormo-mn
