2604 4620
106 211 127 282 2
478 202 764 279 PRAEFATIO

105 399 192 456 mata
216 397 266 453 est
294 385 561 469 vehementerque
587 384 726 450 eiulavit.
759 383 845 449 Tum
870 407 946 450 vero
974 383 1124 452 Socrates

105 472 233 622 placido
253 471 345 536 vultu
361 467 527 534 Critonem
548 470 677 534 intuens
699 469 835 554 rogavit,
857 480 894 532 ut
915 470 1032 554 aliquis
1054 495 1124 536 eam

107 576 109 581 ’
129 580 237 623 ornum
257 555 444 630 abduceret3
467 553 501 617 id
516 554 604 638 quod
622 553 768 618 fecerunt
784 551 927 618 Critonis
946 555 1125 638 pedisequi.

105 642 175 707 Nos
197 662 307 704 omnes
328 650 435 703 autem
456 662 494 703 eo
514 639 565 703 die
587 639 720 702 mirifice
740 638 846 703 affecti
861 661 999 715 eramus,
1025 663 1125 723 quum

105 725 226 790 mixtus
242 723 372 808 quidam
388 723 517 788 tristitia
531 733 627 807 atque
642 723 761 822 gaudio
777 747 891 788 sensus
906 724 1029 787 animos
1049 747 1125 789 nos-

106 820 174 873 tros
194 818 306 894 captos
328 818 464 874 teneret:
487 809 582 872 modo
604 832 690 874 emm
705 808 968 892 tranquillitatem
982 807 1125 872 hilarita-

107 904 236 993 temque
259 889 403 958 Socratis
423 892 671 971 admirabamur,
693 904 731 957 ut
751 892 1012 958 oblivisceremur
1030 914 1125 976 prae-

108 989 207 1043 sentrs
219 978 425 1052 calamitatis3
441 978 536 1041 modo
551 1001 645 1042 casus
697 978 814 1043 avitate
826 978 943 1043 devicti
954 977 1127 1042 instantem

111 1062 206 1126 amici
218 1061 381 1125 fortunam
395 1001 696 1145 deplorabamusgf.

167 1143 319 1211 Socrates
344 1167 420 1210 vero
447 1143 575 1230 erigens
596 1166 630 1208 se
654 1142 689 1207 in
709 1143 826 1208 lectulo
851 1153 884 1208 et
902 1167 977 1209 crus
995 1144 1126 1222 fricans,

109 1230 197 1316 quod
215 1229 343 1297 vincula
362 1238 456 1294 antea
481 1227 758 1312 compressissent,
779 1249 876 1311 quam
895 1228 978 1291 mira
997 1238 1057 1305 est,
1076 1229 1127 1291 in-

109 1315 190 1398 quit,
205 1315 260 1379 illa
274 1313 467 1388 coniunctio,
484 1335 566 1397 quae
580 1312 665 1377 inter
679 1312 927 1397 voluptatem
943 1321 1040 1395 atque
1055 1311 1103 1376 do
1112 1348 1127 1361 -

107 1399 226 1464 lorem
247 1397 426 1463 intercedit.
446 1396 534 1461 Nam
553 1419 654 1482 quum
676 1396 771 1478 simul
791 1404 823 1460 et
840 1417 907 1461 una
928 1395 1042 1461 adesse
1063 1418 1128 1459 non

110 1483 243 1560 soleant,
271 1492 377 1546 tamen
400 1482 553 1546 alterutro
578 1482 712 1546 cedente
739 1481 874 1546 alterum
900 1481 1031 1545 alterius
1050 1503 1128 1545 con·

109 1567 200 1631 tinuo
224 1567 331 1631 locum
345 1576 489 1648 occupat.
519 1563 594 1630 Hoc
620 1566 647 1631 si
672 1565 951 1631 animadvertisset
964 1565 1128 1650 Aesopus,

110 1674 184 1716 eum
205 1650 301 1716 credo
315 1649 458 1714 fabulam
470 1649 572 1715 fuisse
588 1651 850 1735 compositurum,
872 1672 954 1734 quae
967 1649 1055 1712 illam
1070 1648 1128 1712 do-

109 1734 238 1809 loriset
256 1735 432 1819 uoluptatis
453 1734 707 1799 vicissitudinem
728 1734 912 1809 illustraret.
944 1732 1031 1797 Tum
1052 1754 1129 1797 vero

112 1814 231 1897 Cebes,
253 1829 444 1904 opportune,
463 1818 580 1904 inquit,
601 1819 679 1884 mihi
696 1819 735 1896 in
754 1829 895 1884 mentem
909 1838 1041 1883 revocas
1056 1839 1127 1882 car-

109 1903 213 1982 mina,
230 1924 318 2053 {uae
342 1903 377 1968 in
401 1926 530 1970 carcere
554 1903 719 1999 pepigisti.
751 1902 836 1968 Nam
856 1925 957 1988 quum
977 1901 1040 1978 alii,
1061 1911 1130 1965 tum

111 2010 217 2074 nuper
263 2011 366 2053 venus
388 1998 493 2072 poeta,
516 2011 557 2052 ex
577 2011 629 2052 me
644 1987 884 2072 quaesiverunt,
905 1987 985 2071 quid
999 1985 1129 2051 tandem

32 2146 35 2151 ,
112 2094 247 2137 caussae
269 2081 365 2148 esset,
391 2070 479 2155 quod
493 2081 540 2148 tu,
560 2072 616 2154 qui
634 2094 800 2155 nunquam
814 2082 910 2136 antea
923 2070 1065 2136 carmina
1081 2068 1130 2135 se·

112 2155 225 2232 cisses,
247 2164 391 2223 extremo
405 2155 490 2219 vitae
505 2163 650 2240 tempore
664 2156 727 2221 illis
742 2156 971 2240 componendis
984 2155 1131 2220 dedisses

8 2280 12 2287 .
111 2247 254 2325 operam.
279 2236 369 2320 Quid
389 2238 400 2301 i
426 2239 489 2303 ‘tur
508 2239 569 2318 vis,
584 2250 620 2304 ut
640 2239 686 2304 illi
700 2241 932 2327 respondeam?
952 2239 1028 2340 Ego
1042 2260 1130 2316 vero,

111 2323 217 2408 inquit
233 2319 396 2401 Socrates,
433 2345 471 2389 oc
485 2344 550 2388 non
565 2347 603 2389 eo
617 2326 750 2391 consilio
762 2325 835 2403 feei,
850 2334 887 2389 ut
899 2324 1006 2390 Eram
1021 2345 1130 2389 aemu-

111 2408 163 2474 lus
183 2407 371 2485 existerem,
394 2409 452 2474 sed
471 2418 509 2473 ut
529 2410 671 2474 animum
689 2433 797 2476 meum
821 2410 976 2497 religione
991 2408 1132 2494 quadarn

113 2493 321 2560 exsolverem.
344 2491 430 2557 Nam
445 2515 544 2578 quum
560 2495 724 2580 superiore
738 2495 824 2560 ritae
837 2505 992 2580 tempore,
1008 2502 1076 2557 tum
1091 2512 1132 2557 ex

114 2578 234 2662 quoin
254 2599 381 2643 carcere
407 2576 459 2644 hic
480 2588 628 2645 versatus
649 2603 739 2658 sum,
766 2601 862 2664 saepe
882 2579 961 2643 mihi
980 2576 1133 2664 apparuit

1 2724 3 2728 ,
115 2662 275 2727 somnium
283 2710 293 2740 ,
308 2662 395 2746 quod
408 2685 460 2727 me
473 2661 599 2728 iuberet
611 2664 743 2730 facere
758 2675 798 2730 et
812 2674 990 2729 tractare
1004 2661 1132 2727 musi-

115 2766 207 2812 cam.
228 2745 300 2810 Iam
320 2768 419 2831 quum
441 2768 500 2832 per
514 2757 614 2813 totam
628 2749 728 2813 vitam
742 2747 987 2834 philosophiam,
1011 2747 1133 2831 quippe

113 2850 197 2914 quae
223 2840 308 2896 esset
332 2831 458 2896 musica
483 2833 778 2917 praestantissima,
805 2842 1013 2908 tractassem3
1046 2851 1133 2895 nuno

113 2915 211 2979 etiam
233 2915 376 2979 carmina
395 2915 502 2981 facere
522 2927 656 2982 conatus
672 2940 753 2994 sum,
776 2917 804 2982 si
824 2917 905 2982 forte
921 2916 1079 2980 somnium
1093 2913 1133 2977 il-

112 2998 171 3063 lud
192 2998 337 3065 divinum
355 2999 416 3066 hoc
438 3022 458 3065 a
482 3023 534 3066 me
552 3001 623 3066 lieri
642 3002 806 3067 voluisset.
832 2999 949 3085 Itaque
968 2997 1133 3084 composui

112 3082 269 3169 hymnum
282 3083 317 3148 in
331 3084 460 3150 laudem
471 3084 645 3171 Apollinis,
661 3086 713 3152 cui
726 3085 760 3150 hi
775 3086 844 3151 dies
857 3085 933 3150 festi
949 3083 1032 3150 sacri
1047 3091 1133 3148 sunt:

114 3168 172 3232 sed
187 3191 288 3251 quum
302 3191 354 3234 me
368 3170 526 3254 imparem
540 3193 612 3236 esse
628 3171 780 3236 sentirem
799 3169 919 3236 sabulis
932 3167 1134 3236 inveniendis

115 3250 355 3348 fingendisque,
377 3253 412 3312 in
454 3275 499 3314 ua
516 3275 552 3314 re
571 3255 711 3315 maxime
727 3264 843 3351 poetae
856 3255 960 3316 virtus
974 3262 1071 3334 atque
1086 3248 1135 3311 of·

116 3331 226 3397 florum
247 3332 404 3408 cernitur3
466 3333 556 3416 esopi
574 3332 701 3398 fabulas
725 3351 761 3396 1n
779 3355 892 3398 versus
911 3334 1031 3418 redegi.
1061 3331 1136 3395 Hoc

115 3415 227 3503 igitur,
249 3415 295 3481 mi
311 3413 428 3493 Cebes,
448 3414 564 3481 Eveno
579 3414 755 3494 nuntiabis,
770 3437 908 3501 eumque
921 3437 992 3481 meo
1008 3415 1136 3479 nomine

118 3499 347 3578 cohortaberis,
361 3510 399 3564 ut
411 3521 463 3564 me
475 3501 723 3585 quamprimum
735 3511 897 3585 sequatur.
919 3497 1136 3565 Abeoaute'm

118 3584 228 3650 hodie:
243 3580 290 3649 ita
304 3585 390 3650 enim
403 3583 659 3652 Atheniensibus
680 3586 786 3652 visum
801 3597 859 3652 est.
881 3586 938 3649 Ad
951 3584 1031 3650 haec
1047 3581 1135 3649 Sim·

117 3669 199 3735 mias
225 3667 413 3755 Thebanus,
439 3669 534 3754 quale
559 3670 688 3736 tandem
712 3671 799 3738 istud
824 3681 884 3749 est,
908 3671 1023 3754 inquit,
1049 3668 1136 3753 quod

119 3751 270 3821 Euenum
282 3753 389 3822 facere
408 3753 524 3821 iubes?
541 3760 655 3839 Neque
674 3757 759 3821 enim
779 3756 833 3821 ille
853 3756 882 3820 is
901 3756 978 3820 mihi
997 3754 1134 3829 ridetur,

169 4034 195 4097 *)
213 4037 242 4087 P.
262 4040 369 4089 57..t'›0.
389 4041 419 4090 B.
