2604 4620
179 220 225 264 Lx
476 218 479 223 ’
539 212 802 262 Pnonseonnns

178 372 385 455 mandumque
418 368 527 432 valcat.
580 364 737 431 Nolumus
768 365 851 429 enim
882 364 1012 450 penitus
1040 366 1186 517 ignorum

176 456 311 521 aliorum
338 456 397 520 hoc
423 453 455 516 in
483 474 600 539 genere
622 450 743 514 merita.
779 448 983 533 Quamquam
1005 473 1051 515 no
1076 452 1107 516 is
1124 450 1186 517 boc

179 539 316 616 dubitur,
338 553 374 604 ut
389 537 521 603 subinde
534 537 672 601 breviter
685 535 838 600 addamus
853 556 993 612 caussas,
1017 557 1082 601 our
1095 536 1186 603 aliter

176 635 211 689 at
232 647 272 689 ue
294 625 337 689 illi
360 622 539 688 sentiamus.

253 709 335 795 ignit
347 709 444 794 igitur
456 706 628 771 recentiore
643 717 784 788 tempore
798 704 992 789 aliquamdiu
1007 726 1049 769 aa
1061 704 1187 792 opinio,

179 804 214 858 ut
234 793 326 858 Plato
352 795 385 857 in
413 790 578 856 scribendo
604 790 664 854 hoc
689 812 784 874 opere
811 790 845 854 id
870 813 888 853 e
913 789 974 854 'sse
1000 800 1185 875 putaretur,

178 890 216 943 ut
241 902 340 943 vanae
366 879 405 941 de
428 873 568 941 Socratis
593 896 671 961 erga
694 874 848 959 ingenuos
875 896 894 937 a
916 874 1109 954 olescentes,
1137 876 1186 941 in·

179 954 352 1048 primisque
363 960 572 1037 Alcibiadem,
587 980 693 1023 amore
707 958 939 1023 criminationes
949 959 1186 1045 impugnaren-

180 1062 241 1123 tur,
261 1060 356 1131 atque
371 1048 534 1110 doceretur
554 1048 691 1108 amorem
712 1043 800 1107 illum
814 1066 878 1107 non
892 1043 991 1109 fuisse
1007 1054 1148 1131 turpem·
1156 1058 1186 1111 et

179 1132 332 1208 illicitum,
365 1131 421 1195 sed
452 1131 616 1194 honestum
647 1139 741 1210 atque
771 1128 801 1193 le
826 1128 895 1192 'bus
928 1129 1185 1209 convenientem.

181 1215 286 1299 Quam
308 1216 434 1300 quidem
456 1213 639 1279 sententiam
660 1222 785 1298 praeter
847 1213 1050 1278 iderotum
1070 1215 1111 1279 in
1124 1213 1185 1279 Di-

181 1302 275 1365 ction.
287 1300 460 1398 Encyclop.
475 1322 500 1363 s.
511 1322 541 1363 v.
558 1297 769 1384 Composition
780 1298 958 1363 tutati-sunt
968 1299 1114 1365 maxime
1124 1298 1184 1365 Fr.

180 1386 275 1471 Aug.
309 1385 484 1450 Wolfrus
511 1383 660 1468 Prolegg.
691 1382 733 1445 ad
760 1379 908 1468 Sympos.
935 1404 969 1533 p).
996 1383 1040 1447 38
1071 1406 1123 1468 sq.
1156 1398 1186 1450 et

181 1468 298 1534 Henr.
320 1468 506 1533 Ludovic.
536 1466 762 1531 Hartmann.
789 1467 913 1532 Prolus.
970 1490 988 1532 e
1014 1469 1185 1555 proposito

182 1550 344 1640 Symposii
369 1552 520 1619 Platonis.
557 1549 725 1630 Gubenae,
754 1552 845 1617 1797.
870 1554 917 1630 4.,
940 1551 995 1636 qui
1024 1574 1185 1619 summam

179 1637 252 1704 libri
273 1662 336 1705 una
379 1638 556 1703 otissimum
574 1636 752 1703 Alcibiadis
772 1637 912 1702 oratione
926 1637 1086 1703 contineri
1107 1660 1182 1705 oen-

181 1734 322 1790 suerunt.
345 1662 437 1806 Quae
458 1723 539 1787 ratio
560 1744 617 1788 cur
636 1721 851 1807 improbabilis
874 1723 925 1800 sit,
947 1723 1181 1807 propemodum

181 1833 196 1875 s
219 1819 292 1874 onte
313 1820 454 1896 apparet.
476 1808 559 1872 Nam
580 1807 727 1893 primum,
749 1818 785 1872 ut
805 1806 867 1870 alio
880 1807 950 1871 loco
971 1807 1178 1885 ostendimus,

202 1916 221 1959 e
240 1895 311 1959 istis
333 1891 599 1959 criminationibus
619 1891 697 1955 nihil
717 1892 784 1958 tere
802 1891 949 1956 innotuit.
970 1889 1102 1967 Deinde
1115 1891 1175 1955 boo

181 1976 342 2043 siPlatoni
355 1979 388 2041 in
399 1976 588 2044 elaborando
599 1977 743 2041 convivio
754 1977 867 2041 fuisset
875 1997 934 2061 pro
994 1972 1171 2055 immmul-

181 2074 232 2126 tas
251 2062 355 2147 operis
376 2072 482 2147 partes
502 2063 604 2125 forent
632 2082 890 2146 supervacaneae.
932 1997 1050 2145 meque
1071 2058 1171 2127 mata

179 2167 264 2211 nunc
286 2147 440 2210 sententia
460 2147 600 2209 virorum
621 2146 872 2210 doctissimorum
892 2144 1010 2210 reiecta
1030 2156 1091 2211 est
1116 2142 1176 2209 llis

179 2252 257 2294 vero
277 2230 419 2316 proximo
441 2229 594 2294 successit
613 2228 673 2294 Fr.
697 2227 1178 2314 Schleiermacherus,-qui

180 2327 283 2380 tamen
311 2315 438 2400 etipse
465 2313 588 2380 censuit
608 2313 642 2378 in
671 2310 814 2381 Socratis
844 2326 1004 2398 tamquam
1027 2313 1180 2402 sapientis

179 2400 273 2465 laude
291 2401 506 2485 quaerendum
526 2422 596 2465 esse
610 2399 793 2484 primarium
809 2399 987 2485 scriptionis
1007 2422 1178 2489 argumen-

181 2498 247 2549 tum
273 2486 406 2570 ideoquc
434 2485 527 2549 etiam
553 2483 731 2549 Alcibiadis
758 2484 892 2551 orationi
914 2484 1092 2584 plurimum
1109 2482 1177 2551 ,tri-

181 2568 343 2634 buendum
370 2593 439 2635 esse
461 2569 641 2633 arbitratur.
674 2567 804 2654 Quippe
830 2568 939 2634 statuit
958 2569 1009 2633 vir
1030 2568 1180 2656 egregius

182 2650 385 2739 symposium
406 2664 438 2718 et
448 2653 651 2717 Phaedonem
664 2653 840 2718 arctissima
856 2654 1091 2721 necessitudine
1105 2676 1181 2720 oon·

180 2738 321 2802 iunctum
343 2760 413 2802 esse
433 2760 506 2802 cum
529 2734 680 2820 Sophiste
700 2747 733 2802 et
753 2738 895 2804 Politico.
932 2736 1096 2821 Quocirca
1120 2762 1182 2827 pu·

181 2832 227 2888 tat
252 2824 287 2888 in
309 2819 478 2909 Symposio
506 2833 538 2887 et
558 2821 727 2887 Phaedone
756 2823 842 2888 illam
863 2823 1005 2890 exbiberi
1028 2824 1182 2911 sapientis

180 2908 360 2996 imaginem,
388 2931 483 2993 quam
503 2906 594 2974 Plato
619 2908 652 2971 in
674 2907 829 2994 principio
853 2906 1029 2993 sophistae:
1044 2931 1064 2972 a
1086 2932 1121 2975 ss
1141 2908 1181 2973 il·

181 2993 348 3060 lustratum
368 2994 408 3058 iri
429 2992 618 3080 promiserit.
646 2993 697 3058 De
718 3015 781 3078 qua
802 3016 837 3058 re
859 2992 949 3058 Tom.
964 2992 1008 3057 Π.
1029 2993 1119 3058 Part.
1133 2991 1180 3057 H.

180 3078 316 3144 Praefat.
338 3080 379 3143 ad
399 3076 511 3164 Symp.
533 3102 564 3165 p.
580 3078 640 3142 369
664 3100 732 3163 sqq.
758 3079 804 3143 ita
826 3078 970 3163 scripsit:
999 3078 1089 3156 „Ion
1108 3081 1178 3153 deu,

182 3167 238 3227 der
259 3169 310 3229 dic
327 3165 427 3229 Scalae
448 3167 510 3251 auf
521 3167 586 3229 eine
598 3166 719 3250 freiero
741 3164 839 3229 Wcisc
855 3165 1031 3240 betracbtct,
1052 3166 1093 3227 iet
1102 3164 1179 3248 jans

187 3247 322 3328 Trilopie
348 3274 409 3312 aar·
437 3251 566 3313 sclrdner
589 3252 656 3313 aad
681 3250 851 3313 lterrlicber
870 3250 1024 3314 vollendet
1062 3246 1173 3309 emetit-
1287 3272 1292 3327 q

182 3331 346 3415 soboftlr'cb
375 3335 472 3396 durch
498 3357 592 3398 unser
623 3331 793 3420 Gssprc'tcb,
822 3337 879 3398 clas
911 3270 1080 3406 (3me
1108 3330 1176 3392 und

182 3415 281 3477 daret
302 3419 360 3478 das
380 3417 641 3503 ndcbstfolpendo,
665 3421 724 3483 dea
737 3419 899 3496 Phaedon,
920 3421 954 3483 in
968 3413 1176 3483 orbim-ta·-

182 3500 242 3562 den
260 3521 621 3585 ausammeaponommca
641 3503 757 3568 Platon
778 3528 836 3568 ans
859 3506 909 3568 eia
921 3505 1002 3569 Bild
1020 3502 1074 3565 dos
1093 3497 1177 3562 Plci-

183 3583 331 3669 losoplzca
362 3586 503 3648 doratellt
534 3589 567 3649 ia
601 3590 656 3650 der
682 3588 804 3653 Person
831 3591 884 3653 der
915 3587 1076 3664 Sotacus,
1112 3586 1182 3648 und

183 3692 283 3733 zuar
302 3669 405 3753 acipt
425 3692 463 3732 er
482 3670 548 3734 tta
569 3674 617 3733 im
637 3672 831 3749 Phaedon,
852 3675 920 3737 acie
942 3697 983 3738 er
1003 3675 1052 3737 im
1076 3670 1181 3735 Todc
1240 3748 1243 3752 Ι

184 3755 399 3831 erscbcint,
436 3755 474 3816 in
504 3776 678 3820 anserem
715 3755 920 3825 Garamam
958 3757 1182 3823 ober‘wa'rd

183 3841 378 3916 Massilia,
415 3840 484 3901 wie
517 3861 555 3902 cr
584 3843 725 3924 palebt,
764 3843 1029 3908 cerberrliobt
1059 3840 1182 3907 ducale

176 3928 265 4009 jane
286 3925 467 3990 Lobredc
489 3924 553 3988 des
574 3924 822 4001 Miltiades,
844 3928 984 3991 welclte
1005 3926 1107 3992 dorla
1127 3925 1180 4013 os·

175 4010 322 4091 ,festor
347 4015 411 4076 der
439 4005 572 4094 Gipfel
597 4014 671 4076 aad
698 4015 757 4078 dio
778 4012 908 4077 Krene
935 4014 1002 4079 dos
1029 4032 1181 4098 ponzen
