2604 4620
488 229 536 274 AD
559 227 772 277 smosmn.
1070 230 1133 275 XLI

135 381 270 447 scandas
295 402 476 459 communes
501 379 616 446 amoris
635 379 771 446 rationes
790 380 959 467 plurimum
979 381 1135 446 conducat

137 466 295 554 longeque
315 467 355 531 sit
374 464 553 542 utilissima,
575 475 680 529 tarnem
699 464 754 529 vix
768 467 931 545 erraveris,
954 465 980 530 si
1002 464 1134 531 eandem

137 552 213 615 item
232 551 349 618 habere
370 550 575 635 dicas„quod
590 549 756 636 singularis
770 551 934 615 cuiusdam
948 550 1134 636 disciplinae

139 637 274 721 speciem
300 658 377 721 prae
406 658 439 700 se
465 636 554 699 ferat.
585 633 667 698 Nam
692 633 847 699 habetes
866 637 1009 721 profecto
1027 636 1144 701 nescio'

138 721 214 803 quid
234 721 368 787 contorti
390 732 421 784 et
442 719 593 799 difficilis,
615 729 723 806 captat
744 719 876 785 subinde
897 721 1052 806 argutias,
1075 720 1137 784 du·

136 805 228 870 citur·
239 827 298 891 per
318 804 475 892 longiores
488 804 649 892 ambages,
671 804 815 903 inprimis
834 815 939 869 autem
953 827 989 870 eo
1002 803 1138 895 insignis

137 900 200 968 est,
232 890 319 973 quod
352 900 497 955 versatur
519 889 565 953 in-
585 889 736 953 rimandrs
765 900 858 974 atque
884 889 1190 957 ffisonminandisfi·

136 974 318 1040 notionibus
345 983 536 1062 argutasque
563 996 668 1039 rerum
696 973 914 1039 distinctiones
934 996 999 1038 non
1042 996 1138 1039 aucas

135 1058 246 1134 habet3
277 1060 357 1125 conf.
378 1081 410 1144 p.
433 1061 504 1125 182.
526 1058 567 1123 A.
589 1058 632 1123 Dr
663 1060 733 1123 182.
755 1057 797 1123 Ε.
830 1060 901 1123 183.
921 1059 976 1137 Α.,
994 996 1061 1137 ,ubi
1086 1060 1138 1124 in-

138 1157 188 1207 ter
207 1143 268 1207 alia
288 1144 388 1208 malus
409 1167 478 1208 mos
500 1143 602 1208 faailis
628 1142 789 1216 intellectu
816 1154 848 1208 et
865 1141 969 1208 bonus
994 1166 1063 1208 mos
1087 1144 1137 1207 in-
1228 1148 1233 1158 '

138 1227 264 1293 telleotu
289 1228 425 1294 difficilis
451 1229 532 1315 inter
561 1251 594 1293 se
615 1229 791 1315 opponitur.
827 1227 897 1292 Iam
918 1251 993 1292 vero
1014 1227 1139 1293 Pausa-

136 1312 220 1376 niam
240 1313 416 1397 reperimus
436 1313 469 1376 in
490 1313 655 1400 Protagor.
677 1338 708 1399 p.
723 1314 795 1378 315.
815 1312 859 1376 D.
881 1313 915 1376 in
937 1334 1046 1376 eorum
1067 1334 1138 1376 esse

136 1419 279 1475 numero,
312 1397 366 1482 qui
388 1397 559 1464 Prodicum
587 1397 760 1483 sophistam
785 1406 952 1462 sectantur.
995 1395 1048 1461 Ex
1075 1418 1139 1480 quo

137 1491 248 1568 sponte
276 1482 417 1547 nascitur
452 1484 631 1548 coniectura
660 1483 763 1568 ipsius
801 1481 1061 1547 declamationem
1093 1481 1140 1545 ita

136 1589 206 1630 esse
232 1567 452 1650 compositam,
481 1576 517 1631 ut
544 1567 657 1631 leniter
683 1566 886 1631 traducantur
912 1567 945 1645 ii,
975 1567 1031 1650 qui
1056 1565 1137 1631 Pro-

136 1649 202 1714 dici
228 1650 382 1714 rationem
415 1651 540 1734 sequuti
572 1650 623 1714 vel
654 1651 687 1714 in
715 1651 908 1716 orationibus
958 1652 1139 1737 anagyricis

137 1732 305 1799 subtilibus
337 1757 443 1798 rerum
473 1757 512 1799 ac
542 1733 711 1800 verborum
738 1674 990 1800 distinctionilius
1016 1746 1139 1799 tantum

137 1817 330 1895 tribuebant,
357 1830 395 1883 ut
420 1842 473 1885 aas
501 1817 702 1884 audientibus
723 1821 774 1883 vel
800 1819 980 1906 legentibus
1002 1820 1137 1884 subinde

137 1904 231 1967 etiam
255 1926 406 1968 nauseam
431 1905 582 1969 afferrent
607 1913 702 1987 atque
729 1905 867 1969 taedium
895 1915 1045 1969 crearent.
1086 1903 1138 1969 De

136 1986 267 2053 Prodici
277 1987 511 2054 laudationibus
520 2012 551 2053 ν.-
565 1985 676 2075 Symp.
687 1990 802 2074 p..177.
815 1988 855 2053 Β.
878 1992 904 2052 εἰ
927 1991 960 2052 δὲ
983 1991 1083 2076 βούλει
1098 1989 1136 2052 αὖ

138 2073 305 2159 σκέψασθαι
320 2075 387 2142 τοὺς
401 2075 545 2159 χρηστοὺς
560 2076 710 2158 σοφιστάς,
720 2073 903 2158 Ἡρακλέους
914 2074 966 2157 μὲν
981 2076 1030 2136 καὶ
1042 2073 1137 2137 ἄλλων

138 2159 275 2227 ἐπαίνους
300 2160 504 2242 καταλογάδην
526 2160 709 2242 ξυγγράφειν,
738 2161 835 2243 ὥςπερ
857 2161 872 2221 ὁ
896 2158 1041 2245 βέλτιστος
1063 2157 1089 2221 ll
1109 2157 1137 2221 d·
1234 2190 1241 2209 ι

137 2244 226 2319 ὃικος.
237 2243 322 2327 quod
335 2243 499 2308 manifesto
514 2265 585 2308 cnm
599 2243 742 2308 irrisione
757 2243 874 2308 dictum
889 2254 947 2309 est.
968 2243 1019 2308 De
1033 2253 1084 2307 stu
1108 2242 1138 2308 ‘o

137 2337 242 2392 autem
268 2329 352 2403 illius
378 2328 414 2392 in
433 2351 547 2393 vocum
568 2326 767 2393 distinctione
789 2328 904 2412 posito,
932 2338 1064 2415 cognato
1084 2328 1138 2393 illo

139 2434 216 2477 sane
238 2435 310 2478 oum
329 2412 492 2478 notionum
513 2424 608 2498 atque
622 2436 729 2478 rerum
742 2413 1005 2491 distinctionibus,
1021 2410 1138 2495 quibus

136 2497 237 2561 utitur
260 2497 450 2575 Pausanias,
473 2546 476 2551 -
505 2511 608 2563 taeter
634 2498 696 2563 alia
723 2521 753 2562 v.
778 2497 907 2584 Protag.
935 2499 1066 2597 p-341.
1092 2495 1137 2560 D.

136 2580 225 2646 Men.
240 2606 272 2670 p.
288 2585 339 2648 25.
354 2582 395 2647 Ε.
417 2520 612 2668 Eutbydem.
631 2606 663 2669 p.
678 2585 749 2647 277.
767 2580 805 2648 C.
820 2583 874 2662 E,-
895 2583 953 2647 ub1-
965 2581 1046 2648 conf.
1063 2604 1137 2646 ann.

136 2663 243 2750 Atque
269 2668 311 2731 ad
336 2667 422 2734 hano
446 2668 617 2745 difficilem,
645 2678 819 2735 tortuosam
840 2679 871 2732 et
897 2667 991 2733 taedii
1010 2669 1138 2754 plenam

136 2750 315 2831 Pausaniae
336 2755 507 2818 orationem
526 2755 659 2819 fortasse
681 2763 803 2839 spectat
822 2754 926 2831 etiam,
953 2753 1039 2837 quod
1059 2752 1136 2816 Ari-

137 2837 305 2921 stophanes
338 2837 451 2902 deinde
483 2849 629 2903 narratur
658 2838 797 2937 singultu
825 2838 922 2902 firisse
948 2836 1136 2922 prohibitus,

137 2921 303 3002 quominus
324 2932 431 3005 partes
453 2922 586 3000 dicendi,
608 2945 773 3021 quaeram
794 2922 834 2985 ad
852 2923 862 2984 i
903 2944 957 2984 um
975 2921 1136 3007 pervenis-

139 3015 220 3079 sent,
241 3004 274 3067 in
296 3026 330 3067 se
353 3005 534 3090 susciperet.
564 3004 694 3092 Qmppe
715 3005 832 3070 dicitur
857 3006 864 3020 '
891 3028 908 3069 e
930 3007 984 3068 ὑπὸ
1006 3009 1136 3087 πλησμο-

137 3093 189 3170 νῆς
209 3088 227 3170 ἣ
251 3088 299 3150 ὑπ’
324 3087 436 3150 ἅλλοο
458 3091 552 3157 τινος
570 3089 633 3154 isto
654 3090 736 3153 malo
757 3089 889 3154 aflectus
911 3110 990 3153 esse.
1011 3088 1051 3151 In
1073 3109 1135 3171 quo

137 3171 224 3251 latet,
246 3170 369 3258 opinor,
391 3172 518 3237 aculeus
537 3173 573 3236 in
590 3173 791 3239 Pausaniam.
828 3169 1033 3272 Significatur
1054 3171 1137 3236 enim

137 3279 201 3321 non
221 3255 355 3323 obscure
375 3256 445 3322 fieri
465 3256 542 3322 item
560 3258 714 3343 potuisse,
735 3268 772 3322 ut
791 3257 929 3322 taedium
944 3278 984 3323 ex
997 3257 1137 3322 oratione

136 3341 221 3407 illius
234 3352 429 3429 conceptum
450 3342 570 3411 comico
589 3340 765 3408 molestiam
785 3342 948 3407 creaverit.

177 3426 346 3514 Pergimus
367 3429 408 3491 ad
428 3427 635 3513 Eryximaobi
659 3427 777 3492 medici·
794 3427 975 3493 orationem.
1006 3424 1040 3490 Is
1059 3448 1137 3491 vero

136 3512 277 3597 loquitur
302 3523 338 3577 ut
356 3512 525 3600 physicus.
572 3512 727 3587 Extendit
754 3512 838 3578 enim
863 3512 978 3579 amoris
1004 3511 1068 3577 vim
1095 3499 1135 3574 ad

221 3783 287 3821 stum
303 3776 554 3838 atque-inhonestum
571 3788 683 3827 amorem
693 3772 834 3825 -non'oenis
843 3770 1025 3825 discriminibus
1036 3784 1134 3834 separa-

181 3890 196 3901 „
221 3841 284 3889 verit
304 3851 330 3891 et
350 3845 498 3906 seiunxsrit3
520 3859 543 3892 v.
565 3838 709 3901 Rnckert
727 3843 757 3907 in
777 3842 836 3893 edit.
857 3842 925 3907 Lips.
945 3844 1015 3893 luas.
1033 3853 1057 3901 p.
1076 3842 1133 3886 26³.
1246 3860 1249 3867 ·

220 3905 369 3963 Hommel.
387 3912 505 3987 Prolegg.
523 3928 548 3976 p.
560 3912 659 3963 XXIX.
677 3910 706 3973 C.
718 3910 764 3967 rr.
776 3908 938 3961 Hermann.
949 3906 1041 3957 Iudice.
1052 3904 1134 3954 Leett.

223 3972 349 4092 Marffiurr.
359 3995 380 4030 ο.
392 3982 563 4032 raas-1835.
572 3994 597 4046 p.
607 3980 653 4033 1x.
667 3974 920 4031 calumnienter.
932 3974 1013 4027 narb.
1025 3983 1047 4021 ι.
1060 3974 1133 4045 ran.

223 4056 247 4105 p,
366 4062 369 4071 .
