2604 4620
1111 246 1175 307 225

471 240 908 322 ruuuno.p.1ro.st.

159 413 203 483 τοὶ
229 417 325 483 κοῖλα
352 412 473 493 αὐτῆς,
509 408 633 489 ὕδατός
668 438 702 478 τε
730 419 784 480 καὶ
810 412 908 502 ολίρος
932 417 1055 500 ἔμπλεα
1082 411 1176 496 όντα,

156 513 333 604 χρώματός
359 538 391 579 τι
418 511 504 589 εἶδος
529 518 738 599 παρέχεσθαι
764 517 941 598 στίλβοντα
958 521 1010 580 ’ἐν
1043 517 1083 608 τῇ
1109 511 1177 583 τῶν
1205 520 1230 581 b

159 614 271 684 ἄλλων
300 610 486 703 χρωμάτων
519 617 684 697 ποικιλίᾳ,
719 610 798 692 ὥςτε
833 621 868 681 ἕν
902 641 933 682 τι
960 611 1065 695 αὐτῆς
1092 613 1177 695 εἶδος

158 717 288 803 ξυνεχὲς
254 715 471 782 ὲνιοικίλον
511 712 760 804 φαντάζεσθαι
802 722 837 781 ἐν
802 719 906 782 idi
948 712 1053 807 ταύτῃ
1095 713 1175 809 οόση

160 816 304 908 τοιαύτη
330 810 398 887 qiud
427 809 533 899 λόγον
558 809 600 878 τὰ
628 810 709 931 ηνόρ
697 832 780 899 μενα
805 814 972 938 ρύεσθαι,
985 817 1116 936 δένδρα
1141 840 1177 883 τε

161 921 217 986 καὶ
242 912 341 995 όινθη
369 917 425 980 καὶ
453 909 539 990 τοὺς
559 913 728 995 καρπούς·
763 919 818 980 καὶ
844 906 888 982 οὗ
912 913 954 981 τολ
984 912 1046 1004 όρη
1071 913 1178 994 uigori-

161 1044 227 1096 τως
245 1019 318 1084 καὶ
330 1009 411 1092 τοὺς
435 1018 561 1090 λίθους
586 1013 714 1099 ίχειν
696 1011 762 1081 ανδ
790 1012 849 1082 τόν
875 1012 981 1083 αὐτόν
1001 1015 1102 1099 λόγον
1117 1016 1179 1098 τήν

162 1144 197 1185 τε
233 1114 387 1197 λειότητα
423 1117 480 1180 καὶ
520 1108 583 1194 τὴν
619 1111 818 1204 διαησίνειαν
853 1120 909 1183 καὶ
943 1113 984 1182 τό
1017 1114 1180 1204 χρώματα

161 1220 302 1285 καλλίω·
336 1206 382 1281 ὧν
416 1218 472 1281 καὶ
512 1210 554 1278 τό
583 1213 708 1280 ἐνθάδε
734 1219 866 1283 λιθίδια
892 1214 977 1283 εἶναι
1001 1219 1110 1282 ταῦτα
1135 1213 1179 1282 τὰ

160 1313 363 1406 οήἀιτιόμενα
389 1311 512 1402 μόρια,
540 1313 660 1402 σοίρδισὶ
687 1340 721 1381 τε
752 1319 806 1382 καὶ
833 1314 988 1395 ίοίσιτιδας
1013 1320 1068 1384 καὶ
1095 1340 1179 1402 σμα-

227 1544 354 1611 ἔμπλεα
378 1541 476 1609 ὄντα]
499 1542 590 1594 {sulen
614 1541 689 1595 Bodi.
717 1545 778 1598 Ven.
799 1545 835 1598 Π.
856 1546 930 1598 Vind.
950 1549 983 1596 m,
1007 1548 1068 1599 Pur.
1086 1547 1184 1601 CEG.

161 1614 252 1665 Ambr.
269 1612 340 1663 Flos.
358 1629 382 1666 o.
405 1627 426 1662 ο.
444 1612 470 1661 d.
491 1628 525 1663 m.
547 1617 574 1662 et
592 1626 657 1664 corr.
684 1612 748 1665 Veu.
774 1616 808 1666 A.
828 1615 896 1679 quod
915 1615 1073 1667 Turioeuses
1090 1633 1179 1668 susce·

180 1686 263 1733 eruut.

160 1700 177 1748 p
233 1750 263 1799 D.
305 1748 463 1797 ποικίλον
491 1744 758 1816 φαντάζεσθαι.]
790 1748 982 1815 θαιμιίζεοθαι
1013 1752 1092 1803 Coisi.
1122 1753 1179 1806 Vnt.

136 1820 236 1870 ‹Peu
249 1816 282 1870 G.
309 1817 400 1868 Ambr.
424 1816 497 1868 Fior.
523 1815 548 1865 d.
586 1817 686 1869 Deinde
710 1819 766 1869 iibri
792 1820 906 1883 plerique
932 1834 990 1870 cum
1016 1820 1090 1871 editt.
1117 1826 1179 1872 vett.

160 1884 301 1951 ἀνάλογον,
319 1884 388 1950 quod
407 1884 521 1936 correxit
537 1882 652 1938 Fischer

219 1953 350 2019 ’δένδρα
372 1970 407 2002 τε
432 1954 489 2002 καὶ
512 1951 634 2018 ανθη]
642 1953 706 2019 ἄλση
729 1954 807 2006 Coisi.
834 1955 893 2007 vat.
918 1954 992 2005 Vind.
1014 1956 1047 2007 Φ,
1066 1955 1127 2006 Pur.
1146 1955 1178 2005 G.

161 2025 249 2075 Ambr
272 2021 344 2075 Fior
365 2021 390 2074 d
410 2027 437 2072 et
454 2034 535 2084 marg
556 2020 633 2071 Bo.di
1235 2074 1237 2078 ,

229 2088 287 2154 τήν
304 2107 336 2140 τε
355 2087 533 2170 λειότητα]
553 2088 583 2140 V.
602 2088 650 2152 τὴν
668 2089 828 2153 τελειότητα.
865 2090 1011 2157 Receptunr
1031 2091 1180 2157 lectionem,

160 2160 210 2210 ism
232 2177 247 2210 ε
265 2157 417 2224 Stephano
419 2157 568 2208 coniectura
586 2164 730 2224 repertam,
754 2161 907 2211 confirmant
924 2161 1006 2213 Coisi.
1026 2161 1082 2212 Vnt.
1104 2160 1180 2244 vind

163 2231 224 2281 ΥΦ
251 2228 311 2280 Par.
337 2225 479 2277 CEGIL.
504 2224 575 2277 Fior.
605 2242 627 2277 a.
648 2228 671 2278 b.
692 2244 715 2278 c.
734 2226 785 2276 d.'
778 2245 793 2279 ι,
813 2244 844 2279 το
865 2234 892 2279 et
909 2243 976 2279 corr
995 2230 1058 2282 Veu
1079 2229 1115 2280 Π.
1133 2228 1183 2292 τήν

163 2313 191 2346 τε
211 2293 336 2346 λειότατα
354 2296 419 2346 Ven.
437 2295 472 2354 Α.

162 2448 280 2519 attulit..
305 2463 369 2517 Mox
405 2468 484 2532 vulgo
513 2481 649 2533 perperam
702 2463 735 2516 sd
761 2469 863 2516 montes
890 2464 1020 2530 pertinere
1047 2466 1184 2518 iudicando

163 2526 294 2599 α’νοίλογον
337 2533 507 2588 scribebatur
565 2536 653 2586 Recte
702 2534 760 2583 siut
797 2532 861 2597 Sed,
873 2535 1120 2600 utcisriuspatent‚
1138 2549 1184 2585 cur

163 2600 393 2654 Fisoberus’
379 2600 426 2651 ανδ
460 2603 491 2653 λα’
493 2622 539 2671 γον
563 2602 652 2665 edidit,
702 2599 1184 2668 uisuirqznreiiciendnmsit3quid

130 2730 133 2735 ,
163 2669 383 2736 quemadmodum
414 2624 509 2737 ροιιλλό
532 2678 593 2737 post
616 2673 654 2722 ie·
703 2677 807 2722 seruata
831 2671 933 2735 sutiqus
960 2673 1069 2723 lectione
1095 2687 1185 2736 repre·

127 2738 130 2744 '
163 2737 266 2806 gitur'
251 2737 299 2788 ατὰ
318 2738 364 2788 τὸν
382 2739 464 2790 αὐτὸν
483 2739 572 2806 λόγον.
670 2773 673 2778 ·
704 2738 828 2790 bensione
846 2738 948 2804 dignum
964 2740 1095 2802 videmur,
1120 2740 1184 2790 indi-

196 2807 258 2869 τὴν
287 2825 320 2854 τε
350 2808 514 2871 λειότητα
551 2827 605 2856 και
631 2828 654 2858 τ

164 2875 205 2940 d.]
231 2873 344 2937 Egregia
372 2873 434 2925 isaeo
453 2883 495 2927 est
513 2875 653 2941 Stepha-

164 2943 197 2993 ni
216 2940 364 2991 emendatio
383 2949 410 2991 et
426 2958 495 2992 nuno
514 2946 653 2994 multorum

166 3011 290 3073 iibrorum
315 3007 442 3087 suffragiis
475 3012 653 3090 comprobata,

165 3093 244 3158 quanm
260 3075 349 3125 nescio
365 3091 411 3125 our
426 3078 584 3128 recentiores
593 3080 654 3130 Pu

135 3155 140 3163 '
166 3146 236 3197 tonis
255 3145 411 3210 interpretes
431 3150 535 3209 praeter
557 3146 654 3196 Hein-

166 3212 317 3279 dorfium
342 3210 396 3262 iere
416 3228 508 3263 omues
527 3215 655 3278 aspernati

167 3282 226 3333 sint.
262 3281 350 3333 Quum
369 3280 434 3331 euim
455 3286 558 3332 montes
577 3286 603 3332 et
618 3284 654 3333 is-

154 3350 242 3418 'pides
265 3349 290 3399 iu
313 3347 360 3399 lruc
385 3355 471 3401 terroe
495 3355 570 3416 parte
594 3364 656 3400 con-

169 3419 274 3486 spicuos
318 3418 465 3481 mutiistos‚
505 3424 655 3483 corruptos,

169 3487 321 3570 δεεοτρεεοε
352 3502 410 3538 esse
435 3486 558 3550 dixisset,
590 3501 657 3536 nuuc

168 3556 280 3607 uicissim
300 3569 469 3621 supernorum
495 3556 598 3606 iliorum
618 3557 656 3607 ie·

168 3624 288 3687 vitutem,
313 3625 517 3706 peii'uoiditatem
543 3629 570 3675 et
597 3625 656 3697 pui-

168 3691 255 3744 obram
298 3693 411 3758 speciem
458 3698 665 3744 commemorat.-

169 3759 249 3840 Quod
271 3767 357 3815 nutem
386 3759 572 3810 Fiscberus
596 3761 657 3812 dicit

167 3827 266 3892 requiri
284 3844 392 3892 nomen,
416 3828 487 3893 quod
506 3843 557 3878 uon
576 3829 656 3880 modo

168 3894 201 3949 ad
229 3897 337 3960 λίθους,
364 3895 410 3948 sed
437 3897 516 3948 etism
542 3896 621 3947 sd”
606 3917 656 3965 ορη

169 3963 310 4026 referatur,
342 3964 459 4029 equidem
495 3980 545 4015 non
570 3965 656 4029 video,

170 4046 216 4084 eur
234 4047 282 4099 ea,
305 4046 372 4095 quse
393 4031 426 4083 de
451 4033 580 4097 lapidibus
597 4049 657 4085 nar—

169 4105 278 4164 rantur,
297 4113 349 4149 uon
367 4098 442 4150 simui
461 4099 656 4163 quodammodo

169 4198 173 4209 “
232 4197 298 4248 ΡΙτε.
319 4199 388 4263 Opp.
407 4199 465 4251 Vol
484 4201 505 4251 l.
522 4199 593 4251 Sect.
614 4201 644 4251 il

704 2823 802 2858 cemus.
839 2815 877 2857 Λο
894 2807 977 2872 primo
998 2808 1104 2872 quidem
1124 2808 1186 2858 bueo

703 2877 770 2926 iuter
789 2891 817 2925 se
836 2876 874 2925 sic
891 2876 1066 2926 connectenda
1085 2881 1185 2926 esseut:

703 2944 770 3007 ἔχειν
778 2941 827 3006 τὴν
836 2941 987 3006 τελειότητα
998 2944 1098 3005 καλλίω,
1115 2941 1185 3005 quod

704 3013 763 3077 quis
788 3026 838 3061 nou
864 3011 935 3060 videt
952 3027 1028 3075 quum
1046 3009 1185 3060 absurdum

705 3083 739 3132 sit
757 3087 836 3145 atque
855 3078 993 3145 ineptum?
1029 3077 1126 3128 Deinde
1145 3095 1185 3125 u-

706 3147 839 3212 λειότητα,
859 3145 884 3196 ir.
900 3163 922 3196 e.
935 3147 1097 3209 vocobulum,
1111 3146 1185 3195 euius

706 3218 779 3267 notio
809 3220 881 3282 patet
908 3215 1046 3277 latissime,
1078 3215 1186 3264 coniun-

706 3290 810 3350 geretur
828 3298 886 3332 cnm
905 3281 1056 3350 διαφόνειαν
1069 3282 1111 3333 καί
1119 3279 1188 3349 χροό-

705 3372 792 3420 μ,ατα
816 3366 882 3416 quse
904 3352 989 3402 miuus
1009 3351 1065 3402 iste
1088 3358 1185 3416 potent.

707 3421 752 3472 Sin
776 3429 862 3471 auteur
884 3420 947 3471 iiiud
980 3421 1127 3485 angustiore
1151 3419 1188 3470 si-

707 3490 871 3554 gnificatione
899 3488 1075 3554 accipiendum
1100 3497 1187 3555 putes,

706 3563 736 3608 ut
777 3557 902 3620 significet
944 3558 1188 3623 iutegritatem,
1238 3603 1241 3607 ,
1280 3552 1285 3561 ’

708 3641 816 3688 vereor,
857 3641 889 3675 ue
928 3626 996 3676 siis'
1019 3626 1094 3678 buius
1126 3640 1189 3676 usus

709 3695 829 3758 exempta
846 3692 1036 3748 desiderentur
1071 3694 1190 3755 Denique

707 3777 759 3812 nou
784 3777 850 3827 opus
873 3768 929 3825 est,
955 3767 984 3812 ut
1012 3761 1191 3825 integritu-

709 3831 752 3881 tis
770 3831 871 3881 iiiorurn
890 3830 1012 3880 montium
1033 3835 1059 3880 et
1077 3825 1190 3892 tapidum

709 3898 757 3949 boc
782 3900 840 3950 ioco
867 3898 1038 3957 mentiosum,
1062 3908 1139 3958 quum
1159 3908 1191 3944 ex

708 3968 765 4049 ἰρεε
784 3967 959 4032 disputatione
976 3963 1132 4027 intelligutur
1149 3977 1193 4011 su-

708 4035 744 4085 tis
759 4035 911 4100 perspicue,
928 4045 1051 4097 quorsum
1070 4029 1132 4080 iusso
1150 4045 1194 4081 re·

710 4101 817 4153 serendo
835 4103 944 4151 siut.-
978 4097 1042 4150 Mox
1060 4098 1139 4150 verbo
1157 4098 1195 4150 sio

913 4182 953 4242 15
