2604 4620
40 214 54 381 ¹,
159 279 204 336 a
511 259 798 339 PRAEFATIO

154 446 285 574 {uiden}
299 449 538 522 consideramus
557 445 647 523 ,mult
719 467 736 495 ³¹
758 464 806 520 ea,
830 462 917 527 quael
934 437 977 502 ad
998 457 1169 523 personam

95 536 100 542 ·
183 519 302 573 ocratrs
316 519 490 592 pertment3
514 508 630 574 demde
644 466 949 600 pitir'crffi'nhamus,
965 544 1029 605 qua
1044 519 1169 585 ratione

154 617 177 678 p
200 590 363 679 'osophus
390 592 425 656 in
446 592 644 678 explicandis
666 594 1169 681 illustrandisqsaimmortalita·

155 676 197 739 tis
219 676 417 761 argumentis
439 688 586 743 versatus
610 678 660 743 sit.
975 702 1020 762 χ

207 766 373 826 Intuentes
391 760 492 848 igitur
503 759 682 842 Socratem,
706 765 1170 863 qualisinPhaedonewlum-

154 841 267 941 bratus
293 855 325 910 et
352 867 370 917 e
416 868 526 912 ressus
548 858 614 926 est,
637 848 939 934 considerantesque
961 849 1031 914 eius
1051 871 1167 926 mores,

154 926 241 992 drcta
262 939 358 1012 atque
393 940 475 1006 aeta,
499 942 585 995 certe
605 931 693 996 nullo
714 956 754 997 ne
780 934 844 998 otio
866 933 1166 1009 animadvertemus,

154 1032 226 1075 esse
247 1012 388 1075 sumita
408 1012 623 1088 informatum,
645 1025 682 1076 ut
702 1038 743 1097 pe
773 1029 878 1081 ectum
900 1017 1078 1103 sapientem
1098 1038 1167 1082 cer-

154 1116 231 1159 nere
252 1093 429 1172 videamur,
459 1095 515 1178 qui
535 1106 621 1161 recte
642 1095 801 1160 factorum
822 1101 1018 1165 conscientia
1040 1111 1167 1166 susten-

154 1187 241 1244 tatus
270 1187 364 1262 atque
387 1179 565 1265 sapientiae
587 1178 757 1264 disciplina
780 1180 822 1245 ad
852 1203 943 1266 spem
963 1191 996 1244 et
1016 1183 1168 1247 fiduciam

153 1261 280 1327 firturae
303 1273 525 1362 postmortem
544 1263 707 1328 beatitatis
730 1275 855 1330 erectus
877 1263 1033 1329 moriendi
1053 1287 1167 1330 neces-

155 1347 283 1412 sitatem
308 1348 372 1433 rpsi
398 1347 527 1412 iamiam
554 1347 771 1413 imminentem
799 1371 863 1414 non
891 1348 986 1412 modo
1007 1369 1072 1412 non
1092 1347 1167 1412 hor-

154 1440 219 1507 ret,
250 1431 308 1496 sed
329 1430 425 1496 etiam
445 1432 530 1497 laeto
551 1432 786 1518 tranquilloque
807 1433 913 1497 animo
934 1442 1100 1518 expectat,
1122 1432 1168 1495 ita

154 1525 191 1578 ut
212 1514 293 1579 adeo
318 1515 530 1581 lamentantes
552 1516 672 1581 amicos
701 1528 846 1582 amanter
868 1516 1050 1582 consoletur
1071 1526 1169 1600 atque

126 1628 128 1632 ⁴
154 1621 287 1664 caussas
309 1609 342 1664 et
362 1599 512 1677 rationes,
540 1599 657 1686 quibus
678 1601 925 1666 immortalitatis
948 1622 1022 1700 spes
1042 1599 1167 1685 nititur,

154 1681 336 1747 admirabili
366 1683 488 1770 ingenii
521 1684 666 1750 acumine
694 1685 914 1833 sinffiularique
942 1681 1169 1769 drsputationis

155 1766 516 1855 subtilitate‘exponere
538 1769 720 1846 defendere,
739 1769 747 1785 ’
771 1780 898 1837 ustrare
913 1777 1019 1851 queat
1043 1764 1168 1847 Quam-

154 1850 265 1917 obrem
295 1851 367 1938 ipso
398 1852 453 1918 illo
484 1852 570 1917 letali
601 1852 665 1934 die,
700 1875 763 1937 quo
790 1853 820 1917 ei
851 1852 998 1916 ultimum
1025 1849 1169 1914 imminet

155 1934 357 2034 supplicium,
379 1937 647 2002 intermorientes
667 1937 784 2001 amicos
801 1958 905 2020 usque
925 1957 1010 1999 unus
1031 1943 1091 2010 est,
1113 1934 1168 2016 qui

153 2019 252 2082 ammi
267 2020 530 2114 tranquillitatem
549 2030 581 2083 et
601 2020 814 2105 constantiam
834 2030 971 2084 tueatur.
1000 2017 1102 2082 Porro
1115 2017 1168 2082 ille

154 2100 251 2164 etiam
271 2099 300 2162 is
322 2100 449 2163 vrdetur
472 2122 559 2175 esse,
609 2101 643 2162 ui
671 2102 787 2184 plenus
808 2101 863 2197 pia
885 2122 963 2183 erga
984 2102 1062 2166 deos
1084 2101 1167 2165 fidu·

154 2182 205 2247 cia
226 2181 275 2267 (p.
298 2182 349 2246 60.
374 2179 413 2246 C.
436 2234 477 2244 ..
505 2183 555 2246 61.
579 2121 642 2266 li)
664 2183 820 2246 voluntati
841 2203 963 2245 sonunt
978 2204 1037 2265 per
1063 2184 1169 2248 omnia

154 2264 376 2351 obtemperare
406 2273 552 2350 promtus
582 2275 614 2329 et
641 2274 774 2349 paratus
808 2263 867 2340 sit,
901 2264 1059 2350 sapientia
1092 2288 1168 2332 vero

154 2373 193 2415 ea
214 2360 263 2415 est
290 2347 449 2424 imbutus,
477 2357 514 2415 ut
535 2346 759 2433 philosophum
788 2346 851 2413 sibi
872 2349 1069 2432 persuaserit
1090 2349 1169 2414 nihil

154 2434 244 2500 aliud
265 2456 363 2521 agere
391 2455 450 2519 per
472 2441 572 2496 totam
598 2431 697 2495 vitam
723 2442 884 2518 oportere,
912 2455 1010 2518 quam
1029 2443 1067 2496 ut
1087 2435 1168 2499 mori

155 2519 273 2594 discat3
295 2514 528 2603 philosophiam
540 2514 627 2580 enim
648 2516 760 2582 mortis
774 2539 846 2582 esse
860 2517 1167 2596 commentationem,

156 2601 415 2686 quandoquidem
428 2599 468 2677 is,
492 2600 548 2683 qui
570 2600 621 2664 vel
642 2600 685 2664 ad
707 2601 836 2666 virtutis
857 2602 908 2666 vel
929 2602 971 2666 ad
993 2601 1168 2689 sapientiae

153 2685 282 2750 laudem
296 2693 512 2771 perventurus
531 2684 583 2761 sit,
604 2683 683 2748 nihil
701 2685 792 2770 prius
806 2709 903 2773 agere
924 2685 1050 2764 debeat,
1072 2708 1169 2771 quam

154 2778 193 2834 ut
213 2768 356 2833 animum
377 2791 397 2832 a
418 2767 515 2834 rebus
536 2768 824 2853 adspectabilibus,
857 2770 954 2836 fluxis
974 2769 1038 2835 illis
1060 2781 1092 2835 01
1113 2793 1168 2835 ca-

155 2853 258 2929 ducis,
274 2861 397 2929 avocet,
409 2863 466 2918 eta
478 2854 620 2940 corporis
632 2854 834 2940 contagione,
850 2865 1005 2938 quantum
1014 2853 1084 2920 fieri
1091 2877 1168 2940 pos-

156 2936 207 3014 sit,
223 2935 437 3002 abstrahat
449 2936 588 3004 liberum
603 2961 665 3024 que
679 2948 831 3026 praestet,
846 2939 984 3024 denique
1005 2938 1047 3002 ad
1066 2960 1168 3023 purae

154 3043 193 3086 ac
216 3021 361 3088 sincerae
377 3023 522 3090 veritatis
547 3024 846 3112 contemplationem
868 3032 901 3089 01
921 3021 1081 3110 perfectae
1103 3021 1168 3086 vir-

154 3107 233 3173 tutis
256 3108 397 3174 studium
420 3120 595 3188 convertat,
619 3111 706 3196 quod
731 3109 840 3211 ipsum
860 3108 959 3174 animi
985 3131 1005 3173 a
1026 3106 1169 3190 corporis

155 3189 366 3268 discessione,
393 3194 428 3257 id
455 3206 505 3258 est
525 3206 648 3270 morte,
673 3195 767 3258 effici.
798 3193 868 3258 Nec
890 3216 967 3258 vero
987 3189 1170 3255 ullomodo

154 3285 301 3339 movetur
322 3272 578 3339 dubitationibus
598 3275 675 3349 illis,
725 3297 784 3336 uas
806 3276 900 3338 amici
921 3275 961 3336 de
983 3269 1168 3335 immortali·

155 3368 220 3424 tate
242 3357 451 3445 gravissimas
472 3357 507 3420 in
528 3356 669 3422 medium
734 3364 842 3420 erunt:
863 3355 928 3418 imo
949 3375 1003 3418 eos
1023 3352 1170 3416 lubenter

108 3460 120 3482 “
155 3442 248 3507 audit
269 3442 409 3508 rationes
439 3464 515 3508 suas
542 3450 748 3527 exponentes,
777 3437 969 3522 auditosque
990 3433 1169 3500 admirabili

155 3549 230 3593 eum
251 3526 481 3613 tranquillitate
502 3535 535 3591 et
562 3525 742 3591 constantia
762 3523 893 3590 meliora
915 3522 1038 3597 edocet,
1059 3519 1168 3585 hilari-

156 3621 204 3676 ter
236 3612 334 3678 etiam
366 3611 502 3677 subinde
533 3609 642 3676 ridens
675 3620 771 3694 atque
804 3607 888 3675 seria
912 3605 991 3672 iocis
1018 3605 1168 3670 miscens.

155 3695 307 3782 Denique
329 3696 426 3763 etiam
445 3695 562 3763 hausto
586 3693 749 3762 mortifero
775 3692 892 3779 poculo
920 3701 986 3756 tam
1011 3689 1168 3777 placidus,

156 3793 222 3849 tam
237 3781 445 3867 tranquillus,
474 3791 540 3846 tam
554 3779 647 3845 fortis
669 3790 702 3845 et
722 3788 875 3844 constans
896 3785 1004 3840 manet
1025 3774 1073 3862 (p.
1096 3775 1168 3840 115.

155 3865 196 3931 Β.
218 3921 261 3932 ..
284 3867 380 3952 118),
410 3877 447 3931 ut
472 3864 680 3950 quantumvis
700 3862 765 3928 iam
785 3872 920 3926 mortem
942 3859 1169 3925 adventantem

157 3953 285 4030 sentiat,
309 3961 416 4017 tamen
429 3951 560 4036 pietatis
581 3949 738 4015 adversus
753 3947 830 4011 deos
845 3969 910 4012 non
930 3945 1095 4010 immemor
1117 3943 1168 4020 sit,

156 4045 252 4120 atque
274 4036 400 4126 placide
422 4036 589 4122 exspirans
611 4033 647 4099 in
668 4033 801 4099 deorum
819 4029 1045 4097 immortalium
1067 4028 1168 4096 socie·
