2604 4620
172 184 220 231 xl,
542 174 807 223 monacorum

172 336 298 401 dentiae
317 356 356 397 ac
376 327 552 415 sapientiae
571 328 720 393 facultate
740 326 893 413 insignes,
919 336 1014 426 atque
1032 327 1072 391 id
1090 328 1192 396 unica

174 421 313 495 studere,
341 428 378 480 ut
403 436 516 479 eorum
543 434 647 477 mores
673 422 705 477 et
724 410 854 499 ingenia
873 408 915 473 ad
935 422 1091 477 virtutem
1111 436 1190 479 eru-

172 505 301 569 diantur
321 499 422 563 vitata
442 498 527 564 omni
547 495 756 562 inhonestatis
776 493 883 582 specie
905 494 1188 585 (p.181.D.-E.).

170 588 235 653 His
262 607 339 649 vero
364 583 536 648 admodum
562 580 717 646 subtiliter
744 580 910 666 explicatis
937 582 1050 647 mnsit
1078 594 1192 650 orator

172 671 215 737 ad
225 669 452 735 discernendas
466 668 570 732 varias
580 666 706 731 amandi
716 665 856 729 rationes
869 665 950 728 inter
962 666 1069 731 varias
1080 664 1191 733 Grae-

171 756 241 821 ciae
263 765 380 855 gentes
405 754 549 817 usitatas.
582 752 666 816 Nam
691 749 778 836 apud
799 748 939 815 Boeotos
965 762 999 815 et
1018 749 1122 818 Eleos
1145 755 1193 819 ait

135 848 386 926 &promiscuum
407 859 543 925 regnare
557 858 696 901 amorem
716 835 900 919 nullumque
921 834 1098 901 discrimen
1117 838 1192 905 ein's

171 924 379 990 constitutum
412 946 499 1001 esso,
533 933 569 985 ut
602 922 660 986 sim
685 921 788 985 liciter
837 919 988 985 ermissus
1015 921 1191 1001 videatur3

171 1020 281 1074 contra
313 1007 401 1094 apud
434 1006 570 1092 populos
598 944 743 1071 barbaris
771 943 930 1070 subiectos
956 1027 1029 1071 eum
1057 1030 1192 1075 omnem

171 1092 356 1179 simpliciter
385 1114 455 1156 esse
483 1090 652 1168 sublatum,
681 1113 722 1154 ne
744 1110 808 1172 qua
829 1112 941 1154 sensus
962 1093 1191 1189 generosiores

171 1188 268 1263 atque
289 1176 452 1242 liberiores
473 1175 607 1253 alentur,
631 1174 751 1260 quippe
773 1174 828 1257 qui
848 1175 1027 1258 tymnmdis
1047 1176 1192 1262 imperio

170 1263 345 1364 plurimum
372 1261 524 1338 officiant,
551 1270 588 1325 ut
613 1258 660 1323 ibi
681 1282 734 1324 res
756 1259 849 1342 plane
871 1258 1005 1345 simplex
1025 1261 1068 1326 sit
1090 1274 1125 1328 et
1145 1264 1191 1329 ad

170 1348 378 1413 ludicandum
398 1345 560 1411 facillima.
592 1343 700 1408 Aliam
727 1354 835 1408 autem
854 1343 902 1409 rei
921 1344 1079 1411 rationem
1098 1348 1191 1435 apud

170 1432 389 1497 Athenienses
407 1442 439 1496 et
456 1428 731 1494 Lacedaemonios
748 1450 819 1494 esse
834 1429 891 1506 ait,
905 1429 994 1515 apud
1009 1452 1093 1514 quos
1107 1454 1189 1499 con-

172 1515 312 1583 suetudo
340 1539 480 1581 amorem
501 1537 563 1580 nec
586 1514 771 1613 simpliciter
791 1514 955 1599 permittat
975 1537 1036 1581 nec
1056 1518 1189 1584 omnino

171 1613 278 1680 vetet,
315 1601 373 1667 sed
401 1600 498 1666 certis
526 1598 727 1664 cautiombus
756 1596 1004 1665 circumscribat.
1057 1599 1187 1669 Nemo

169 1709 239 1836 qqlrp
265 1687 393 1835 utiquaed
402 1684 650 1835 illabsqinhaberet,
663 1694 714 1833 ὧι
734 1706 822 1749 amor
841 1683 995 1832 hopestua
1016 1696 1050 1750 et
1069 1685 1183 1837 lppad

229 1793 331 1837 snon
425 1795 447 1836 u
470 1795 481 1834 1
539 1793 628 1835 eme
727 1790 867 1855 corpons
899 1791 1077 1849 ormam‚s

170 1856 287 1922 mentis
307 1855 555 1942 pulcritudinem
577 1878 616 1920 ac
637 1853 778 1918 studium
796 1853 924 1918 virtutis
937 1854 1129 1922 referendus
1141 1857 1183 1923 sit

171 1942 224 2028 (p.
247 1942 320 2006 182.
347 1941 507 2006 A-185.
533 1937 603 2021 (3.).
647 1938 739 2003 Haec
765 1939 864 2025 igitur
890 1948 939 2003 est
964 1939 1032 2006 lere
1060 1964 1179 2007 summa

172 2048 292 2102 eorum,
341 2048 402 2089 uae
430 2049 451 2089 a
470 2024 633 2089 Pausania
658 2023 800 2088 oratione
827 2022 903 2088 satis
928 2025 1058 2108 copiosa
1080 2024 1174 2113 expli-

74 2170 77 2175 .
171 2118 294 2174 cantur.
318 2048 411 2190 &uae
435 2109 460 2207 si
475 2108 702 2208 perpendimus
717 2108 911 2196 diligentius,
931 2108 1024 2175 facile
1038 2121 1176 2260 apparet3

171 2192 295 2279 opinor,
317 2215 392 2257 eum
412 2194 593 2257 discrimine
608 2193 744 2279 duplicis
758 2194 873 2258 amoris
888 2194 1044 2292 explicato
1082 2204 1180 2263 onesta

171 2276 290 2342 amoris
323 2277 404 2342 fines
437 2278 546 2362 utiquc
580 2277 774 2342 constituere
803 2288 983 2344 accuratius
1009 2280 1050 2346 ab
1076 2280 1182 2366 iisque

172 2362 291 2431 amoris
319 2362 484 2428 deterioris
518 2375 552 2428 et
579 2363 621 2428 ad
648 2361 825 2428 lubidinem
852 2364 1015 2449 vergentis
1042 2365 1181 2431 rationes

171 2449 266 2533 plane
295 2449 473 2536 seiungere.
526 2448 639 2533 Itaque
666 2448 840 2513 Pausanias
867 2470 943 2513 sane
969 2458 1002 2514 et
1027 2450 1095 2537 ipso
1119 2450 1176 2514 de-

173 2533 283 2598 scribit
309 2556 447 2598 amorem
474 2532 732 2612 adolescentium,
762 2554 898 2616 eumque
925 2543 1056 2612 castum,
1080 2533 1178 2600 hono·

172 2629 256 2681 stum
271 2627 303 2681 et
316 2617 518 2693 laudabilem,
541 2618 640 2685 sicuti
649 2618 815 2683 Phaedrus
834 2617 920 2696 lecit,
944 2618 1002 2684 sed
1021 2619 1180 2705 eliquanto

170 2702 205 2766 in
228 2724 266 2765 ea
286 2723 321 2765 re
335 2712 481 2766 versatur
495 2701 679 2766 dilioentius
693 2725 731 2767 ac
745 2701 900 2768 subtilius.
920 2701 1086 2770 Discernit
1097 2704 1181 2771 enim

171 2795 267 2886 atque
289 2798 436 2936 semepat
457 2757 631 2852 humilioris
652 2798 686 2851 et
704 2787 868 2853 nobilioris
889 2789 1007 2854 amoris
1021 2800 1181 2876 tamquam

171 2871 334 2949 ditionem,
361 2871 457 2956 ique
484 2893 523 2937 ea
542 2871 618 2937 facit
639 2871 772 2952 ratione,
799 2883 834 2937 ut
859 2873 993 2938 alterum
1011 2874 1181 2962 improbet,

171 2957 306 3022 alterum
326 2957 440 3043 probet
462 2967 495 3022 et
515 2967 552 3022 ut
572 2956 665 3023 unice
679 2957 869 3023 laudabilem
884 2960 1093 3027 commendet.
1113 2959 1182 3025 Ita·

171 3066 235 3128 que
256 3042 341 3109 hunc
362 3055 517 3110 oratorem
531 3053 620 3131 patet
636 3043 681 3122 id,
703 3044 789 3127 quod
801 3042 967 3109 Phaedrus
980 3044 1185 3111 indefinitum,

170 3128 353 3211 reliquerat,
368 3131 445 3194 satis
459 3139 607 3194 accurato
621 3128 802 3194 definivisse
823 3128 966 3213 adeoque
980 3129 1084 3195 omnis
1096 3152 1182 3195 amo*
1202 3142 1210 3165 ⁸

171 3211 217 3274 ris
237 3213 362 3278 honesti
382 3215 466 3279 inter
481 3211 621 3279 Graecos
644 3214 793 3279 celebrati
807 3214 872 3278 vim
885 3215 1180 3299 rationemquetam

171 3294 308 3361 fideliter
334 3297 529 3382 depinxisse,
557 3309 594 3360 ut
617 3300 685 3364 eius
706 3308 866 3383 tamquam
887 3298 1026 3385 speciem
1046 3309 1078 3365 et
1095 3299 1176 3363 ima·

196 3377 204 3392 '
229 3400 279 3441 em
300 3382 342 3443 ad
361 3381 463 3467 ipsius
483 3382 569 3447 vitae
590 3383 755 3449 veritatem
776 3405 794 3449 e
839 3406 960 3448 rossam
981 3392 1106 3450 caluere
1125 3380 1174 3445 vi·

195 3483 317 3540 camur,
351 3467 538 3548 praesertim
566 3487 665 3548 quum
693 3406 982 3535 etiamxdeterioris
1007 3490 1045 3534 ac
1069 3466 1175 3533 minus

172 3547 294 3612 honesti
315 3551 430 3614 amoris
453 3550 616 3635 turpitudo
638 3553 679 3618 ab
707 3575 744 3618 eo
772 3553 913 3620 seiuncta
935 3555 978 3618 sit
1003 3562 1097 3639 atque
1123 3572 1175 3617 se·

172 3631 331 3718 parata-³³).
363 3631 411 3696 At
438 3634 521 3699 enim
548 3657 622 3699 vero
648 3637 723 3704 licet
749 3639 848 3704 oratio
870 3638 975 3725 ipsius
997 3639 1038 3705 ad
1058 3660 1176 3728 cogno-

205 3859 231 3923 *)
257 3862 391 3942 Perpcram
407 3861 535 3979 ct'inilqpac
553 3862 583 3910 de
601 3864 865 3945 orationePauaaniae
882 3868 993 3947 iqdicant
1009 3863 1121 3919 Aetius
1138 3866 1178 3944 lle

255 3936 689 4063 tltttltztnltlltlt
704 3932 807 4062 llll
824 3934 1177 4054 llllltttlttt'tltt
