<?xml version="1.0" encoding="UTF-8"?>
<!DOCTYPE html PUBLIC "-//W3C//DTD XHTML 1.0 Transitional//EN"
    "http://www.w3.org/TR/xhtml1/DTD/xhtml1-transitional.dtd">
<html xmlns="http://www.w3.org/1999/xhtml" xml:lang="en" lang="en">
 <head>
  <title>
</title>
<meta http-equiv="Content-Type" content="text/html;charset=utf-8" />
  <meta name='ocr-system' content='tesseract 3.04.00' />
  <meta name='ocr-capabilities' content='ocr_page ocr_carea ocr_par ocr_line ocrx_word'/>
</head>
<body>
  <div class='ocr_page' id='page_1' title='image "./platonisoperaom00stalgoog_0424.png"; bbox 0 0 2604 4620; ppageno 0'>
   <div class='ocr_carea' id='block_1_1' title="bbox 10 415 14 452">
    <p class='ocr_par' dir='ltr' id='par_1_1' title="bbox 10 415 14 452">
     <span class='ocr_line' id='line_1_1' title="bbox 10 415 14 452; baseline 0 0"><span class='ocrx_word' id='word_1_1' title='bbox 10 415 14 452; x_wconf 88' lang='lat' dir='ltr'>l</span> 
     </span>
    </p>
   </div>
   <div class='ocr_carea' id='block_1_2' title="bbox 427 264 1079 335">
    <p class='ocr_par' dir='ltr' id='par_1_2' title="bbox 427 264 1079 335">
     <span class='ocr_line' id='line_1_2' title="bbox 427 264 1079 335; baseline 0.003 -23"><span class='ocrx_word' id='word_1_2' title='bbox 427 267 476 312; x_wconf 80' lang='lat' dir='ltr'>nn</span> <span class='ocrx_word' id='word_1_3' title='bbox 501 264 715 314; x_wconf 74' lang='lat' dir='ltr'>suurosmn.</span> <span class='ocrx_word' id='word_1_4' title='bbox 965 269 1079 335; x_wconf 72' lang='lat' dir='ltr'>¹nnuc</span> 
     </span>
    </p>
   </div>
   <div class='ocr_carea' id='block_1_3' title="bbox 61 417 1079 941">
    <p class='ocr_par' dir='ltr' id='par_1_3' title="bbox 61 417 1079 941">
     <span class='ocr_line' id='line_1_3' title="bbox 65 417 1077 519; baseline 0 -33"><span class='ocrx_word' id='word_1_5' title='bbox 65 419 224 504; x_wconf 84' lang='lat' dir='ltr'>siquidem</span> <span class='ocrx_word' id='word_1_6' title='bbox 245 419 404 486; x_wconf 88' lang='lat' dir='ltr'>secundae</span> <span class='ocrx_word' id='word_1_7' title='bbox 422 417 562 484; x_wconf 89' lang='lat' dir='ltr'>alicuius</span> <span class='ocrx_word' id='word_1_8' title='bbox 579 417 773 484; x_wconf 75' lang='lat' dir='ltr'>recensionis</span> <span class='ocrx_word' id='word_1_9' title='bbox 791 418 927 519; x_wconf 72' lang='lat' dir='ltr'>vestigia</span> <span class='ocrx_word' id='word_1_10' title='bbox 948 441 1006 506; x_wconf 89' lang='lat' dir='ltr'>per</span> <span class='ocrx_word' id='word_1_11' title='bbox 1028 431 1077 486; x_wconf 89' lang='lat' dir='ltr'>to·</span> 
     </span>
     <span class='ocr_line' id='line_1_4' title="bbox 65 503 1079 590; baseline 0.003 -21"><span class='ocrx_word' id='word_1_12' title='bbox 65 517 136 569; x_wconf 91' lang='lat' dir='ltr'>tum</span> <span class='ocrx_word' id='word_1_13' title='bbox 157 527 238 590; x_wconf 92' lang='lat' dir='ltr'>opus</span> <span class='ocrx_word' id='word_1_14' title='bbox 258 505 345 570; x_wconf 87' lang='lat' dir='ltr'>nulla</span> <span class='ocrx_word' id='word_1_15' title='bbox 365 525 500 588; x_wconf 83' lang='lat' dir='ltr'>usquam</span> <span class='ocrx_word' id='word_1_16' title='bbox 515 511 632 581; x_wconf 89' lang='lat' dir='ltr'>extant,</span> <span class='ocrx_word' id='word_1_17' title='bbox 653 513 690 567; x_wconf 91' lang='lat' dir='ltr'>ut</span> <span class='ocrx_word' id='word_1_18' title='bbox 707 526 748 568; x_wconf 86' lang='lat' dir='ltr'>ne</span> <span class='ocrx_word' id='word_1_19' title='bbox 762 503 824 568; x_wconf 85' lang='lat' dir='ltr'>ista</span> <span class='ocrx_word' id='word_1_20' title='bbox 859 504 967 570; x_wconf 79' lang='lat' dir='ltr'>rudem</span> <span class='ocrx_word' id='word_1_21' title='bbox 981 505 1079 572; x_wconf 87' lang='lat' dir='ltr'>verba</span> 
     </span>
     <span class='ocr_line' id='line_1_5' title="bbox 64 525 859 688; baseline -0.003 -34"><span class='ocrx_word' id='word_1_22' title='bbox 64 613 123 675; x_wconf 91' lang='lat' dir='ltr'>per</span> <span class='ocrx_word' id='word_1_23' title='bbox 145 611 213 655; x_wconf 90' lang='lat' dir='ltr'>cam</span> <span class='ocrx_word' id='word_1_24' title='bbox 234 586 359 655; x_wconf 87' lang='lat' dir='ltr'>invecta</span> <span class='ocrx_word' id='word_1_25' title='bbox 380 589 482 654; x_wconf 85' lang='lat' dir='ltr'>videri</span> <span class='ocrx_word' id='word_1_26' title='bbox 501 588 636 688; x_wconf 78' lang='lat' dir='ltr'>possint.</span> <span class='ocrx_word' id='word_1_27' title='bbox 658 587 797 664; x_wconf 90' lang='lat' dir='ltr'>Deinde,</span> <span class='ocrx_word' id='word_1_28' title='bbox 819 525 859 652; x_wconf 76' lang='lat' dir='ltr'>id</span> 
     </span>
     <span class='ocr_line' id='line_1_6' title="bbox 63 671 1021 755; baseline 0 -17"><span class='ocrx_word' id='word_1_29' title='bbox 63 674 113 739; x_wconf 87' lang='lat' dir='ltr'>rei</span> <span class='ocrx_word' id='word_1_30' title='bbox 134 684 198 755; x_wconf 54' lang='lat' dir='ltr'>est,</span> <span class='ocrx_word' id='word_1_31' title='bbox 213 672 306 740; x_wconf 86' lang='lat' dir='ltr'>Plato</span> <span class='ocrx_word' id='word_1_32' title='bbox 327 696 387 738; x_wconf 91' lang='lat' dir='ltr'>nec</span> <span class='ocrx_word' id='word_1_33' title='bbox 408 672 479 737; x_wconf 89' lang='lat' dir='ltr'>aliis</span> <span class='ocrx_word' id='word_1_34' title='bbox 499 696 533 736; x_wconf 91' lang='lat' dir='ltr'>1n</span> <span class='ocrx_word' id='word_1_35' title='bbox 554 672 643 738; x_wconf 91' lang='lat' dir='ltr'>libris</span> <span class='ocrx_word' id='word_1_36' title='bbox 665 671 897 737; x_wconf 88' lang='lat' dir='ltr'>anachronismi</span> <span class='ocrx_word' id='word_1_37' title='bbox 918 695 980 738; x_wconf 92' lang='lat' dir='ltr'>usu</span> <span class='ocrx_word' id='word_1_38' title='bbox 1001 697 1021 738; x_wconf 91' lang='lat' dir='ltr'>a</span> 
     </span>
     <span class='ocr_line' id='line_1_7' title="bbox 64 757 1076 842; baseline 0.001 -19"><span class='ocrx_word' id='word_1_39' title='bbox 64 757 170 838; x_wconf 86' lang='lat' dir='ltr'>tinuit,</span> <span class='ocrx_word' id='word_1_40' title='bbox 198 759 233 822; x_wconf 91' lang='lat' dir='ltr'>iu</span> <span class='ocrx_word' id='word_1_41' title='bbox 260 781 362 842; x_wconf 90' lang='lat' dir='ltr'>eaque</span> <span class='ocrx_word' id='word_1_42' title='bbox 387 780 427 822; x_wconf 82' lang='lat' dir='ltr'>re¹</span> <span class='ocrx_word' id='word_1_43' title='bbox 444 757 540 822; x_wconf 86' lang='lat' dir='ltr'>ctiam</span> <span class='ocrx_word' id='word_1_44' title='bbox 560 766 665 823; x_wconf 87' lang='lat' dir='ltr'>certas</span> <span class='ocrx_word' id='word_1_45' title='bbox 686 757 841 841; x_wconf 90' lang='lat' dir='ltr'>quasdam</span> <span class='ocrx_word' id='word_1_46' title='bbox 862 758 1003 824; x_wconf 88' lang='lat' dir='ltr'>rationes</span> <span class='ocrx_word' id='word_1_47' title='bbox 1024 780 1076 824; x_wconf 87' lang='lat' dir='ltr'>se-</span> 
     </span>
     <span class='ocr_line' id='line_1_8' title="bbox 61 841 1078 941; baseline 0 -33"><span class='ocrx_word' id='word_1_48' title='bbox 61 853 182 927; x_wconf 88' lang='lat' dir='ltr'>quutus</span> <span class='ocrx_word' id='word_1_49' title='bbox 204 854 253 908; x_wconf 91' lang='lat' dir='ltr'>est</span> <span class='ocrx_word' id='word_1_50' title='bbox 273 865 334 928; x_wconf 87' lang='lat' dir='ltr'>pro</span> <span class='ocrx_word' id='word_1_51' title='bbox 349 842 547 930; x_wconf 86' lang='lat' dir='ltr'>singulorum</span> <span class='ocrx_word' id='word_1_52' title='bbox 561 843 704 907; x_wconf 87' lang='lat' dir='ltr'>locorum</span> <span class='ocrx_word' id='word_1_53' title='bbox 718 841 895 907; x_wconf 86' lang='lat' dir='ltr'>rationibus</span> <span class='ocrx_word' id='word_1_54' title='bbox 910 843 1078 941; x_wconf 79' lang='lat' dir='ltr'>diligenter</span> 
     </span>
    </p>
   </div>
   <div class='ocr_carea' id='block_1_4' title="bbox 1045 697 1077 739">
    <p class='ocr_par' dir='ltr' id='par_1_4' title="bbox 1045 697 1077 739">
     <span class='ocr_line' id='line_1_9' title="bbox 1045 697 1077 739; baseline 0 -14"><span class='ocrx_word' id='word_1_55' title='bbox 1045 697 1077 739; x_wconf 71' lang='lat' dir='ltr'>s-</span> 
     </span>
    </p>
   </div>
   <div class='ocr_carea' id='block_1_5' title="bbox 61 925 1187 1014">
    <p class='ocr_par' dir='ltr' id='par_1_5' title="bbox 61 925 1187 1014">
     <span class='ocr_line' id='line_1_10' title="bbox 61 925 1187 1014; baseline 0 -22"><span class='ocrx_word' id='word_1_56' title='bbox 61 927 280 993; x_wconf 85' lang='lat' dir='ltr'>observandas</span> <span class='ocrx_word' id='word_1_57' title='bbox 302 937 333 992; x_wconf 89' lang='lat' dir='ltr'>et</span> <span class='ocrx_word' id='word_1_58' title='bbox 353 927 602 1014; x_wconf 87' lang='lat' dir='ltr'>investigandas.</span> <span class='ocrx_word' id='word_1_59' title='bbox 623 925 781 992; x_wconf 75' lang='lat' dir='ltr'>Videmus</span> <span class='ocrx_word' id='word_1_60' title='bbox 794 938 902 991; x_wconf 91' lang='lat' dir='ltr'>autem</span> <span class='ocrx_word' id='word_1_61' title='bbox 921 951 956 991; x_wconf 90' lang='lat' dir='ltr'>m</span> <span class='ocrx_word' id='word_1_62' title='bbox 977 949 1076 992; x_wconf 90' lang='lat' dir='ltr'>anno-</span> <span class='ocrx_word' id='word_1_63' title='bbox 1183 942 1187 955; x_wconf 67' lang='lat'><strong>⁴</strong></span> 
     </span>
    </p>
   </div>
   <div class='ocr_carea' id='block_1_6' title="bbox 60 1010 1161 2804">
    <p class='ocr_par' dir='ltr' id='par_1_6' title="bbox 61 1010 1112 1518">
     <span class='ocr_line' id='line_1_11' title="bbox 63 1010 1078 1098; baseline 0.001 -22"><span class='ocrx_word' id='word_1_64' title='bbox 63 1013 183 1076; x_wconf 83' lang='lat' dir='ltr'>tatione</span> <span class='ocrx_word' id='word_1_65' title='bbox 211 1010 253 1075; x_wconf 91' lang='lat' dir='ltr'>ad</span> <span class='ocrx_word' id='word_1_66' title='bbox 273 1036 305 1098; x_wconf 88' lang='lat' dir='ltr'>p.</span> <span class='ocrx_word' id='word_1_67' title='bbox 327 1012 398 1077; x_wconf 84' lang='lat'>193.</span> <span class='ocrx_word' id='word_1_68' title='bbox 418 1011 460 1076; x_wconf 87' lang='lat' dir='ltr'>A.</span> <span class='ocrx_word' id='word_1_69' title='bbox 483 1011 762 1089; x_wconf 81' lang='lat' dir='ltr'>demonstravisse,</span> <span class='ocrx_word' id='word_1_70' title='bbox 785 1020 962 1097; x_wconf 84' lang='lat' dir='ltr'>temporum</span> <span class='ocrx_word' id='word_1_71' title='bbox 982 1013 1078 1077; x_wconf 86' lang='lat' dir='ltr'>istam</span> 
     </span>
     <span class='ocr_line' id='line_1_12' title="bbox 62 1095 1078 1184; baseline 0.001 -22"><span class='ocrx_word' id='word_1_72' title='bbox 62 1096 285 1162; x_wconf 76' lang='lat' dir='ltr'>confusionem</span> <span class='ocrx_word' id='word_1_73' title='bbox 310 1119 370 1161; x_wconf 90' lang='lat' dir='ltr'>nec</span> <span class='ocrx_word' id='word_1_74' title='bbox 395 1119 454 1182; x_wconf 89' lang='lat' dir='ltr'>per</span> <span class='ocrx_word' id='word_1_75' title='bbox 481 1119 515 1162; x_wconf 90' lang='lat' dir='ltr'>se</span> <span class='ocrx_word' id='word_1_76' title='bbox 542 1095 755 1184; x_wconf 77' lang='lat' dir='ltr'>inelegantem</span> <span class='ocrx_word' id='word_1_77' title='bbox 780 1118 851 1161; x_wconf 89' lang='lat' dir='ltr'>esse</span> <span class='ocrx_word' id='word_1_78' title='bbox 885 1106 918 1160; x_wconf 89' lang='lat' dir='ltr'>et</span> <span class='ocrx_word' id='word_1_79' title='bbox 942 1096 1078 1163; x_wconf 85' lang='lat' dir='ltr'>fortasse</span> 
     </span>
     <span class='ocr_line' id='line_1_13' title="bbox 62 1174 1112 1266; baseline 0.001 -20"><span class='ocrx_word' id='word_1_80' title='bbox 62 1202 134 1246; x_wconf 87' lang='lat' dir='ltr'>eam</span> <span class='ocrx_word' id='word_1_81' title='bbox 154 1181 259 1265; x_wconf 87' lang='lat' dir='ltr'>ipsam</span> <span class='ocrx_word' id='word_1_82' title='bbox 279 1182 320 1247; x_wconf 94' lang='lat' dir='ltr'>ob</span> <span class='ocrx_word' id='word_1_83' title='bbox 336 1203 481 1246; x_wconf 86' lang='lat' dir='ltr'>caussam</span> <span class='ocrx_word' id='word_1_84' title='bbox 503 1179 670 1246; x_wconf 86' lang='lat' dir='ltr'>aPlatone</span> <span class='ocrx_word' id='word_1_85' title='bbox 685 1174 872 1264; x_wconf 84' lang='lat' dir='ltr'>quaesitam,</span> <span class='ocrx_word' id='word_1_86' title='bbox 895 1191 932 1244; x_wconf 90' lang='lat' dir='ltr'>ut</span> <span class='ocrx_word' id='word_1_87' title='bbox 954 1191 1076 1266; x_wconf 91' lang='lat' dir='ltr'>tempo-</span> <span class='ocrx_word' id='word_1_88' title='bbox 1111 1258 1112 1263; x_wconf 8' lang='grc' dir='ltr'>γ</span> 
     </span>
     <span class='ocr_line' id='line_1_14' title="bbox 62 1263 1078 1414; baseline 0 -85"><span class='ocrx_word' id='word_1_89' title='bbox 62 1265 376 1414; x_wconf 60' lang='lat' dir='ltr'>ris‚quoscr1(‘ptum</span> <span class='ocrx_word' id='word_1_90' title='bbox 401 1263 609 1350; x_wconf 88' lang='lat' dir='ltr'>Symposium</span> <span class='ocrx_word' id='word_1_91' title='bbox 631 1277 726 1343; x_wconf 87' lang='lat' dir='ltr'>esset,</span> <span class='ocrx_word' id='word_1_92' title='bbox 754 1266 860 1350; x_wconf 87' lang='lat' dir='ltr'>aliqua</span> <span class='ocrx_word' id='word_1_93' title='bbox 887 1265 1078 1352; x_wconf 85' lang='lat' dir='ltr'>significatio</span> 
     </span>
     <span class='ocr_line' id='line_1_15' title="bbox 61 1349 271 1431; baseline 0.005 -17"><span class='ocrx_word' id='word_1_94' title='bbox 61 1351 160 1415; x_wconf 85' lang='lat' dir='ltr'>fieret.</span> <span class='ocrx_word' id='word_1_95' title='bbox 198 1349 271 1431; x_wconf 82' lang='lat' dir='ltr'>Quo</span> 
     </span>
     <span class='ocr_line' id='line_1_16' title="bbox 61 1434 586 1518; baseline -0.004 -18"><span class='ocrx_word' id='word_1_96' title='bbox 61 1435 115 1513; x_wconf 87' lang='lat' dir='ltr'>sit,</span> <span class='ocrx_word' id='word_1_97' title='bbox 137 1434 193 1498; x_wconf 86' lang='lat' dir='ltr'>vix</span> <span class='ocrx_word' id='word_1_98' title='bbox 214 1446 263 1503; x_wconf 85' lang='lat' dir='ltr'>est</span> <span class='ocrx_word' id='word_1_99' title='bbox 284 1436 369 1518; x_wconf 93' lang='lat' dir='ltr'>quod</span> <span class='ocrx_word' id='word_1_100' title='bbox 389 1456 586 1501; x_wconf 89' lang='lat' dir='ltr'>moneamus.</span> 
     </span>
    </p>

    <p class='ocr_par' dir='ltr' id='par_1_7' title="bbox 62 1516 1161 2091">
     <span class='ocr_line' id='line_1_17' title="bbox 104 1516 1075 1603; baseline 0.001 -20"><span class='ocrx_word' id='word_1_101' title='bbox 104 1517 171 1586; x_wconf 88' lang='lat' dir='ltr'>Sed</span> <span class='ocrx_word' id='word_1_102' title='bbox 193 1519 272 1584; x_wconf 86' lang='lat' dir='ltr'>satis</span> <span class='ocrx_word' id='word_1_103' title='bbox 293 1520 333 1584; x_wconf 85' lang='lat' dir='ltr'>de</span> <span class='ocrx_word' id='word_1_104' title='bbox 353 1518 414 1584; x_wconf 93' lang='lat' dir='ltr'>his.</span> <span class='ocrx_word' id='word_1_105' title='bbox 452 1516 608 1602; x_wconf 84' lang='lat' dir='ltr'>Sequitur</span> <span class='ocrx_word' id='word_1_106' title='bbox 627 1529 664 1587; x_wconf 92' lang='lat' dir='ltr'>ut</span> <span class='ocrx_word' id='word_1_107' title='bbox 686 1518 781 1582; x_wconf 83' lang='lat' dir='ltr'>etiam</span> <span class='ocrx_word' id='word_1_108' title='bbox 802 1519 923 1603; x_wconf 90' lang='lat' dir='ltr'>aliquid</span> <span class='ocrx_word' id='word_1_109' title='bbox 944 1541 1075 1584; x_wconf 90' lang='lat' dir='ltr'>monen-</span> 
     </span>
     <span class='ocr_line' id='line_1_18' title="bbox 62 1602 1082 1681; baseline 0.001 -14"><span class='ocrx_word' id='word_1_110' title='bbox 62 1604 140 1667; x_wconf 91' lang='lat' dir='ltr'>dum</span> <span class='ocrx_word' id='word_1_111' title='bbox 163 1604 204 1667; x_wconf 91' lang='lat' dir='ltr'>sit</span> <span class='ocrx_word' id='word_1_112' title='bbox 226 1603 334 1668; x_wconf 89' lang='lat' dir='ltr'>decri</span> <span class='ocrx_word' id='word_1_113' title='bbox 361 1602 466 1666; x_wconf 89' lang='lat' dir='ltr'>&#39;nibus</span> <span class='ocrx_word' id='word_1_114' title='bbox 488 1603 651 1667; x_wconf 90' lang='lat' dir='ltr'>doctrinae</span> <span class='ocrx_word' id='word_1_115' title='bbox 672 1603 757 1667; x_wconf 89' lang='lat' dir='ltr'>illius</span> <span class='ocrx_word' id='word_1_116' title='bbox 773 1603 955 1681; x_wconf 82' lang='lat' dir='ltr'>amatorias,</span> <span class='ocrx_word' id='word_1_117' title='bbox 1002 1628 1082 1668; x_wconf 60' lang='lat' dir='ltr'>uam&gt;</span> 
     </span>
     <span class='ocr_line' id='line_1_19' title="bbox 62 1626 1075 1772; baseline 0 -20"><span class='ocrx_word' id='word_1_118' title='bbox 62 1711 82 1752; x_wconf 90' lang='lat' dir='ltr'>a</span> <span class='ocrx_word' id='word_1_119' title='bbox 109 1686 244 1752; x_wconf 90' lang='lat' dir='ltr'>Platone</span> <span class='ocrx_word' id='word_1_120' title='bbox 272 1709 331 1760; x_wconf 92' lang='lat' dir='ltr'>con</span> <span class='ocrx_word' id='word_1_121' title='bbox 355 1688 430 1750; x_wconf 87' lang='lat' dir='ltr'>&#39;tam</span> <span class='ocrx_word' id='word_1_122' title='bbox 457 1695 489 1751; x_wconf 88' lang='lat' dir='ltr'>et</span> <span class='ocrx_word' id='word_1_123' title='bbox 516 1686 662 1772; x_wconf 86' lang='lat' dir='ltr'>inprimis</span> <span class='ocrx_word' id='word_1_124' title='bbox 688 1687 722 1750; x_wconf 92' lang='lat' dir='ltr'>in</span> <span class='ocrx_word' id='word_1_125' title='bbox 748 1686 897 1752; x_wconf 83' lang='lat' dir='ltr'>Phaedro</span> <span class='ocrx_word' id='word_1_126' title='bbox 923 1698 955 1752; x_wconf 90' lang='lat' dir='ltr'>et</span> <span class='ocrx_word' id='word_1_127' title='bbox 978 1626 1075 1772; x_wconf 86' lang='lat' dir='ltr'>Sym-</span> 
     </span>
     <span class='ocr_line' id='line_1_20' title="bbox 63 1770 1076 1857; baseline 0.002 -22"><span class='ocrx_word' id='word_1_128' title='bbox 63 1772 154 1856; x_wconf 90' lang='lat' dir='ltr'>posio</span> <span class='ocrx_word' id='word_1_129' title='bbox 170 1772 360 1857; x_wconf 79' lang='lat' dir='ltr'>explicatam</span> <span class='ocrx_word' id='word_1_130' title='bbox 375 1794 444 1836; x_wconf 87' lang='lat' dir='ltr'>esse</span> <span class='ocrx_word' id='word_1_131' title='bbox 458 1770 606 1836; x_wconf 86' lang='lat' dir='ltr'>vidimus.</span> <span class='ocrx_word' id='word_1_132' title='bbox 630 1770 761 1836; x_wconf 90' lang='lat' dir='ltr'>Valebit</span> <span class='ocrx_word' id='word_1_133' title='bbox 775 1772 861 1836; x_wconf 88' lang='lat' dir='ltr'>enim</span> <span class='ocrx_word' id='word_1_134' title='bbox 872 1772 968 1836; x_wconf 90' lang='lat' dir='ltr'>etiam</span> <span class='ocrx_word' id='word_1_135' title='bbox 981 1771 1076 1844; x_wconf 87' lang='lat' dir='ltr'>huius</span> 
     </span>
     <span class='ocr_line' id='line_1_21' title="bbox 62 1855 1075 1942; baseline 0.003 -23"><span class='ocrx_word' id='word_1_136' title='bbox 62 1856 110 1921; x_wconf 85' lang='lat' dir='ltr'>rei</span> <span class='ocrx_word' id='word_1_137' title='bbox 132 1855 373 1934; x_wconf 87' lang='lat' dir='ltr'>animadversio,</span> <span class='ocrx_word' id='word_1_138' title='bbox 398 1855 518 1939; x_wconf 90' lang='lat' dir='ltr'>siquid</span> <span class='ocrx_word' id='word_1_139' title='bbox 532 1856 635 1934; x_wconf 89' lang='lat' dir='ltr'>video,</span> <span class='ocrx_word' id='word_1_140' title='bbox 659 1878 724 1919; x_wconf 90' lang='lat' dir='ltr'>non</span> <span class='ocrx_word' id='word_1_141' title='bbox 749 1878 864 1942; x_wconf 88' lang='lat' dir='ltr'>parum</span> <span class='ocrx_word' id='word_1_142' title='bbox 878 1856 919 1919; x_wconf 90' lang='lat' dir='ltr'>ad</span> <span class='ocrx_word' id='word_1_143' title='bbox 934 1855 1075 1941; x_wconf 82' lang='lat' dir='ltr'>Sympo&#39;·</span> 
     </span>
     <span class='ocr_line' id='line_1_22' title="bbox 62 1939 1161 2091; baseline 0.002 -87"><span class='ocrx_word' id='word_1_144' title='bbox 62 1941 115 2091; x_wconf 68' lang='lat' dir='ltr'>ditio</span> <span class='ocrx_word' id='word_1_145' title='bbox 124 1951 348 2090; x_wconf 51' lang='lat' dir='ltr'>argumentum</span> <span class='ocrx_word' id='word_1_146' title='bbox 367 1939 487 2006; x_wconf 88' lang='lat' dir='ltr'>rectius</span> <span class='ocrx_word' id='word_1_147' title='bbox 508 1940 748 2027; x_wconf 87' lang='lat' dir='ltr'>intelligendum</span> <span class='ocrx_word' id='word_1_148' title='bbox 774 1951 870 2024; x_wconf 90' lang='lat' dir='ltr'>atque</span> <span class='ocrx_word' id='word_1_149' title='bbox 892 1940 1004 2006; x_wconf 88' lang='lat' dir='ltr'>melius</span> <span class='ocrx_word' id='word_1_150' title='bbox 1025 1943 1075 2006; x_wconf 90' lang='lat' dir='ltr'>iu·</span> <span class='ocrx_word' id='word_1_151' title='bbox 1153 1942 1161 1961; x_wconf 84' lang='grc'><em>’</em></span> 
     </span>
    </p>

    <p class='ocr_par' dir='ltr' id='par_1_8' title="bbox 117 2048 808 2090">
     <span class='ocr_line' id='line_1_23' title="bbox 117 2048 808 2090; baseline 0.003 -1"><span class='ocrx_word' id='word_1_152' title='bbox 117 2049 158 2089; x_wconf 91' lang='lat' dir='ltr'>an</span> <span class='ocrx_word' id='word_1_153' title='bbox 181 2048 244 2090; x_wconf 90' lang='lat' dir='ltr'>um.</span> <span class='ocrx_word' id='word_1_154' title='bbox 346 2074 349 2083; x_wconf 50' lang='lat'><em>1</em></span> <span class='ocrx_word' id='word_1_155' title='bbox 804 2048 808 2053; x_wconf 87' lang='lat'>·</span> 
     </span>
    </p>

    <p class='ocr_par' dir='ltr' id='par_1_9' title="bbox 60 2108 1150 2804">
     <span class='ocr_line' id='line_1_24' title="bbox 103 2108 1073 2176; baseline 0.002 -2"><span class='ocrx_word' id='word_1_156' title='bbox 103 2109 245 2176; x_wconf 88' lang='lat' dir='ltr'>Praeivit</span> <span class='ocrx_word' id='word_1_157' title='bbox 271 2133 348 2176; x_wconf 86' lang='lat' dir='ltr'>vero</span> <span class='ocrx_word' id='word_1_158' title='bbox 369 2110 497 2175; x_wconf 88' lang='lat' dir='ltr'>Platoni</span> <span class='ocrx_word' id='word_1_159' title='bbox 521 2109 581 2176; x_wconf 91' lang='lat' dir='ltr'>hac</span> <span class='ocrx_word' id='word_1_160' title='bbox 601 2111 635 2174; x_wconf 91' lang='lat' dir='ltr'>in</span> <span class='ocrx_word' id='word_1_161' title='bbox 657 2133 692 2176; x_wconf 90' lang='lat' dir='ltr'>re</span> <span class='ocrx_word' id='word_1_162' title='bbox 714 2110 799 2176; x_wconf 84' lang='lat' dir='ltr'>viam</span> <span class='ocrx_word' id='word_1_163' title='bbox 820 2110 988 2175; x_wconf 84' lang='lat' dir='ltr'>manifesto</span> <span class='ocrx_word' id='word_1_164' title='bbox 1011 2108 1073 2176; x_wconf 90' lang='lat' dir='ltr'>So-</span> 
     </span>
     <span class='ocr_line' id='line_1_25' title="bbox 61 2184 1076 2282; baseline 0.001 -22"><span class='ocrx_word' id='word_1_165' title='bbox 61 2206 175 2272; x_wconf 80' lang='lat' dir='ltr'>crates,</span> <span class='ocrx_word' id='word_1_166' title='bbox 198 2218 390 2280; x_wconf 91' lang='lat' dir='ltr'>quamquam</span> <span class='ocrx_word' id='word_1_167' title='bbox 408 2195 471 2282; x_wconf 89' lang='lat' dir='ltr'>ipsi</span> <span class='ocrx_word' id='word_1_168' title='bbox 493 2195 705 2261; x_wconf 86' lang='lat' dir='ltr'>verisimiliter</span> <span class='ocrx_word' id='word_1_169' title='bbox 723 2184 878 2261; x_wconf 89' lang='lat' dir='ltr'>coniicere</span> <span class='ocrx_word' id='word_1_170' title='bbox 893 2195 968 2260; x_wconf 89' lang='lat' dir='ltr'>licet</span> <span class='ocrx_word' id='word_1_171' title='bbox 983 2195 1076 2261; x_wconf 87' lang='lat' dir='ltr'>simul</span> 
     </span>
     <span class='ocr_line' id='line_1_26' title="bbox 62 2279 1074 2369; baseline 0 -25"><span class='ocrx_word' id='word_1_172' title='bbox 62 2279 158 2344; x_wconf 90' lang='lat' dir='ltr'>ctiam</span> <span class='ocrx_word' id='word_1_173' title='bbox 180 2302 318 2346; x_wconf 90' lang='lat' dir='ltr'>amorem</span> <span class='ocrx_word' id='word_1_174' title='bbox 331 2280 609 2369; x_wconf 81' lang='lat' dir='ltr'>Pythagoreorum</span> <span class='ocrx_word' id='word_1_175' title='bbox 629 2280 671 2347; x_wconf 93' lang='lat' dir='ltr'>ob</span> <span class='ocrx_word' id='word_1_176' title='bbox 693 2281 800 2346; x_wconf 91' lang='lat' dir='ltr'>oculos</span> <span class='ocrx_word' id='word_1_177' title='bbox 815 2291 978 2347; x_wconf 85' lang='lat' dir='ltr'>versatum</span> <span class='ocrx_word' id='word_1_178' title='bbox 993 2302 1074 2345; x_wconf 89' lang='lat' dir='ltr'>esse.</span> 
     </span>
     <span class='ocr_line' id='line_1_27' title="bbox 60 2363 1126 2451; baseline 0.002 -24"><span class='ocrx_word' id='word_1_179' title='bbox 60 2364 193 2428; x_wconf 88' lang='lat' dir='ltr'>Etenim</span> <span class='ocrx_word' id='word_1_180' title='bbox 207 2363 357 2431; x_wconf 78' lang='lat' dir='ltr'>Socrates</span> <span class='ocrx_word' id='word_1_181' title='bbox 379 2388 478 2451; x_wconf 92' lang='lat' dir='ltr'>quum</span> <span class='ocrx_word' id='word_1_182' title='bbox 499 2368 615 2431; x_wconf 88' lang='lat' dir='ltr'>soleret</span> <span class='ocrx_word' id='word_1_183' title='bbox 627 2365 669 2428; x_wconf 67' lang='lat' dir='ltr'>‘in</span> <span class='ocrx_word' id='word_1_184' title='bbox 691 2364 803 2430; x_wconf 89' lang='lat' dir='ltr'>animis</span> <span class='ocrx_word' id='word_1_185' title='bbox 827 2365 993 2429; x_wconf 91' lang='lat' dir='ltr'>homiuum</span> <span class='ocrx_word' id='word_1_186' title='bbox 1007 2366 1074 2430; x_wconf 91' lang='lat' dir='ltr'>dis·</span> <span class='ocrx_word' id='word_1_187' title='bbox 1121 2418 1126 2440; x_wconf 70' lang='grc'><strong>,</strong></span> 
     </span>
     <span class='ocr_line' id='line_1_28' title="bbox 62 2450 1075 2537; baseline 0 -24"><span class='ocrx_word' id='word_1_188' title='bbox 62 2451 196 2515; x_wconf 84' lang='lat' dir='ltr'>serendo</span> <span class='ocrx_word' id='word_1_189' title='bbox 218 2461 250 2515; x_wconf 88' lang='lat' dir='ltr'>et</span> <span class='ocrx_word' id='word_1_190' title='bbox 270 2452 488 2537; x_wconf 83' lang='lat' dir='ltr'>percontando</span> <span class='ocrx_word' id='word_1_191' title='bbox 511 2450 650 2516; x_wconf 87' lang='lat' dir='ltr'>excitare</span> <span class='ocrx_word' id='word_1_192' title='bbox 672 2450 739 2514; x_wconf 89' lang='lat' dir='ltr'>veri</span> <span class='ocrx_word' id='word_1_193' title='bbox 753 2451 895 2533; x_wconf 89' lang='lat' dir='ltr'>rectique</span> <span class='ocrx_word' id='word_1_194' title='bbox 910 2450 1075 2514; x_wconf 89' lang='lat' dir='ltr'>scientiam</span> 
     </span>
     <span class='ocr_line' id='line_1_29' title="bbox 61 2535 1076 2619; baseline 0.001 -22"><span class='ocrx_word' id='word_1_195' title='bbox 61 2546 156 2619; x_wconf 88' lang='lat' dir='ltr'>atque</span> <span class='ocrx_word' id='word_1_196' title='bbox 178 2558 285 2600; x_wconf 89' lang='lat' dir='ltr'>rerum</span> <span class='ocrx_word' id='word_1_197' title='bbox 305 2536 450 2601; x_wconf 90' lang='lat' dir='ltr'>notiones</span> <span class='ocrx_word' id='word_1_198' title='bbox 472 2547 586 2600; x_wconf 91' lang='lat' dir='ltr'>natura</span> <span class='ocrx_word' id='word_1_199' title='bbox 608 2535 700 2618; x_wconf 91' lang='lat' dir='ltr'>quasi</span> <span class='ocrx_word' id='word_1_200' title='bbox 728 2535 887 2600; x_wconf 87' lang='lat' dir='ltr'>involutas</span> <span class='ocrx_word' id='word_1_201' title='bbox 908 2535 1021 2599; x_wconf 88' lang='lat' dir='ltr'>elicere</span> <span class='ocrx_word' id='word_1_202' title='bbox 1044 2547 1076 2599; x_wconf 94' lang='lat' dir='ltr'>et</span> 
     </span>
     <span class='ocr_line' id='line_1_30' title="bbox 60 2619 1075 2706; baseline 0.001 -23"><span class='ocrx_word' id='word_1_203' title='bbox 60 2620 236 2705; x_wconf 84' lang='lat' dir='ltr'>explicare,</span> <span class='ocrx_word' id='word_1_204' title='bbox 260 2640 333 2706; x_wconf 75' lang='lat' dir='ltr'>&#39;quo</span> <span class='ocrx_word' id='word_1_205' title='bbox 360 2621 486 2706; x_wconf 87' lang='lat' dir='ltr'>facilius</span> <span class='ocrx_word' id='word_1_206' title='bbox 513 2620 574 2686; x_wconf 91' lang='lat' dir='ltr'>hoc</span> <span class='ocrx_word' id='word_1_207' title='bbox 603 2643 660 2685; x_wconf 91' lang='lat' dir='ltr'>suo</span> <span class='ocrx_word' id='word_1_208' title='bbox 689 2619 792 2706; x_wconf 84' lang='lat' dir='ltr'>officio</span> <span class='ocrx_word' id='word_1_209' title='bbox 819 2631 915 2703; x_wconf 92' lang='lat' dir='ltr'>atque</span> <span class='ocrx_word' id='word_1_210' title='bbox 943 2641 1075 2684; x_wconf 89' lang='lat' dir='ltr'>munere</span> 
     </span>
     <span class='ocr_line' id='line_1_31' title="bbox 60 2703 1150 2804; baseline 0.002 -38"><span class='ocrx_word' id='word_1_211' title='bbox 60 2704 262 2804; x_wconf 83' lang='lat' dir='ltr'>fungeretur,</span> <span class='ocrx_word' id='word_1_212' title='bbox 290 2704 430 2772; x_wconf 80' lang='lat' dir='ltr'>sectatus</span> <span class='ocrx_word' id='word_1_213' title='bbox 458 2705 604 2790; x_wconf 87' lang='lat' dir='ltr'>inprimis</span> <span class='ocrx_word' id='word_1_214' title='bbox 632 2716 680 2769; x_wconf 90' lang='lat' dir='ltr'>est</span> <span class='ocrx_word' id='word_1_215' title='bbox 707 2705 924 2770; x_wconf 86' lang='lat' dir='ltr'>adolescentes</span> <span class='ocrx_word' id='word_1_216' title='bbox 951 2703 1074 2792; x_wconf 85' lang='lat' dir='ltr'>ingenii</span> <span class='ocrx_word' id='word_1_217' title='bbox 1147 2745 1150 2749; x_wconf 92' lang='lat'><em>-</em></span> 
     </span>
    </p>
   </div>
   <div class='ocr_carea' id='block_1_7' title="bbox 60 2788 1076 2958">
    <p class='ocr_par' dir='ltr' id='par_1_10' title="bbox 60 2788 1076 2958">
     <span class='ocr_line' id='line_1_32' title="bbox 60 2788 1074 2877; baseline 0.001 -25"><span class='ocrx_word' id='word_1_218' title='bbox 60 2788 202 2854; x_wconf 89' lang='lat' dir='ltr'>bomtate</span> <span class='ocrx_word' id='word_1_219' title='bbox 230 2801 439 2875; x_wconf 85' lang='lat' dir='ltr'>praestantes,</span> <span class='ocrx_word' id='word_1_220' title='bbox 468 2791 507 2854; x_wconf 88' lang='lat' dir='ltr'>de</span> <span class='ocrx_word' id='word_1_221' title='bbox 535 2790 651 2875; x_wconf 89' lang='lat' dir='ltr'>quibus</span> <span class='ocrx_word' id='word_1_222' title='bbox 677 2813 736 2877; x_wconf 92' lang='lat' dir='ltr'>pro</span> <span class='ocrx_word' id='word_1_223' title='bbox 765 2790 873 2854; x_wconf 86' lang='lat' dir='ltr'>futuro</span> <span class='ocrx_word' id='word_1_224' title='bbox 894 2789 976 2854; x_wconf 90' lang='lat' dir='ltr'>bene</span> <span class='ocrx_word' id='word_1_225' title='bbox 1000 2813 1014 2854; x_wconf 91' lang='lat' dir='ltr'>s</span> <span class='ocrx_word' id='word_1_226' title='bbox 1040 2812 1074 2853; x_wconf 91' lang='lat' dir='ltr'>e·</span> 
     </span>
     <span class='ocr_line' id='line_1_33' title="bbox 60 2813 1076 2958; baseline 0.001 -24"><span class='ocrx_word' id='word_1_227' title='bbox 60 2873 124 2935; x_wconf 88' lang='lat' dir='ltr'>rari</span> <span class='ocrx_word' id='word_1_228' title='bbox 150 2896 245 2958; x_wconf 85' lang='lat' dir='ltr'>posse</span> <span class='ocrx_word' id='word_1_229' title='bbox 271 2874 443 2939; x_wconf 87' lang='lat' dir='ltr'>videretur.</span> <span class='ocrx_word' id='word_1_230' title='bbox 481 2873 697 2955; x_wconf 81' lang='lat' dir='ltr'>Quamobrem</span> <span class='ocrx_word' id='word_1_231' title='bbox 725 2875 778 2938; x_wconf 94' lang='lat' dir='ltr'>ille</span> <span class='ocrx_word' id='word_1_232' title='bbox 808 2897 878 2938; x_wconf 87' lang='lat' dir='ltr'>sese</span> <span class='ocrx_word' id='word_1_233' title='bbox 906 2813 1076 2938; x_wconf 77' lang='lat' dir='ltr'>simulabat</span> 
     </span>
    </p>
   </div>
   <div class='ocr_carea' id='block_1_8' title="bbox 60 2957 1075 3382">
    <p class='ocr_par' dir='ltr' id='par_1_11' title="bbox 60 2957 1075 3382">
     <span class='ocr_line' id='line_1_34' title="bbox 62 2957 1074 3044; baseline 0.001 -24"><span class='ocrx_word' id='word_1_234' title='bbox 62 2978 172 3020; x_wconf 91' lang='lat' dir='ltr'>eorum</span> <span class='ocrx_word' id='word_1_235' title='bbox 198 2979 268 3021; x_wconf 91' lang='lat' dir='ltr'>esse</span> <span class='ocrx_word' id='word_1_236' title='bbox 289 2969 461 3022; x_wconf 87' lang='lat' dir='ltr'>amatorem</span> <span class='ocrx_word' id='word_1_237' title='bbox 481 2969 576 3041; x_wconf 84' lang='lat' dir='ltr'>atque</span> <span class='ocrx_word' id='word_1_238' title='bbox 598 2970 699 3024; x_wconf 89' lang='lat' dir='ltr'>artem</span> <span class='ocrx_word' id='word_1_239' title='bbox 719 2957 926 3044; x_wconf 91' lang='lat' dir='ltr'>profitebatur</span> <span class='ocrx_word' id='word_1_240' title='bbox 953 2968 1074 3021; x_wconf 91' lang='lat' dir='ltr'>amato-</span> 
     </span>
     <span class='ocr_line' id='line_1_35' title="bbox 61 3040 1074 3116; baseline 0.003 -14"><span class='ocrx_word' id='word_1_241' title='bbox 61 3040 150 3116; x_wconf 90' lang='lat' dir='ltr'>riam,</span> <span class='ocrx_word' id='word_1_242' title='bbox 171 3040 249 3104; x_wconf 93' lang='lat' dir='ltr'>licet</span> <span class='ocrx_word' id='word_1_243' title='bbox 270 3041 347 3105; x_wconf 89' lang='lat' dir='ltr'>alias</span> <span class='ocrx_word' id='word_1_244' title='bbox 370 3051 551 3106; x_wconf 86' lang='lat' dir='ltr'>constanter</span> <span class='ocrx_word' id='word_1_245' title='bbox 565 3065 606 3107; x_wconf 89' lang='lat' dir='ltr'>ne</span> <span class='ocrx_word' id='word_1_246' title='bbox 649 3053 697 3105; x_wconf 90' lang='lat' dir='ltr'>ret</span> <span class='ocrx_word' id='word_1_247' title='bbox 713 3065 783 3106; x_wconf 88' lang='lat' dir='ltr'>sese</span> <span class='ocrx_word' id='word_1_248' title='bbox 798 3041 895 3105; x_wconf 90' lang='lat' dir='ltr'>ullius</span> <span class='ocrx_word' id='word_1_249' title='bbox 908 3041 956 3104; x_wconf 84' lang='lat' dir='ltr'>rei</span> <span class='ocrx_word' id='word_1_250' title='bbox 968 3042 1074 3106; x_wconf 89' lang='lat' dir='ltr'>scien-</span> 
     </span>
     <span class='ocr_line' id='line_1_36' title="bbox 62 3124 1074 3211; baseline 0.001 -23"><span class='ocrx_word' id='word_1_251' title='bbox 62 3126 138 3188; x_wconf 90' lang='lat' dir='ltr'>tiam</span> <span class='ocrx_word' id='word_1_252' title='bbox 163 3133 284 3189; x_wconf 90' lang='lat' dir='ltr'>tenere.</span> <span class='ocrx_word' id='word_1_253' title='bbox 326 3125 379 3190; x_wconf 90' lang='lat' dir='ltr'>De</span> <span class='ocrx_word' id='word_1_254' title='bbox 405 3139 528 3211; x_wconf 84' lang='lat' dir='ltr'>qua‘re</span> <span class='ocrx_word' id='word_1_255' title='bbox 556 3149 587 3191; x_wconf 88' lang='lat' dir='ltr'>v.</span> <span class='ocrx_word' id='word_1_256' title='bbox 656 3125 791 3210; x_wconf 91' lang='lat' dir='ltr'>enoph.</span> <span class='ocrx_word' id='word_1_257' title='bbox 807 3125 906 3190; x_wconf 89' lang='lat' dir='ltr'>Mem.</span> <span class='ocrx_word' id='word_1_258' title='bbox 920 3124 981 3190; x_wconf 94' lang='lat' dir='ltr'>IV.</span> <span class='ocrx_word' id='word_1_259' title='bbox 997 3128 1026 3203; x_wconf 92' lang='lat'>1,</span> <span class='ocrx_word' id='word_1_260' title='bbox 1043 3128 1074 3189; x_wconf 96' lang='grc'>2.</span> 
     </span>
     <span class='ocr_line' id='line_1_37' title="bbox 61 3208 1075 3295; baseline 0.002 -24"><span class='ocrx_word' id='word_1_261' title='bbox 61 3211 202 3278; x_wconf 78' lang='grc' dir='ltr'>πολλάκις</span> <span class='ocrx_word' id='word_1_262' title='bbox 216 3210 272 3294; x_wconf 77' lang='grc' dir='ltr'>γὰρ</span> <span class='ocrx_word' id='word_1_263' title='bbox 290 3208 349 3295; x_wconf 73' lang='grc' dir='ltr'>ἔφη</span> <span class='ocrx_word' id='word_1_264' title='bbox 365 3211 417 3294; x_wconf 83' lang='grc' dir='ltr'>μὲν</span> <span class='ocrx_word' id='word_1_265' title='bbox 434 3211 468 3273; x_wconf 88' lang='grc' dir='ltr'>ἄν</span> <span class='ocrx_word' id='word_1_266' title='bbox 484 3233 559 3278; x_wconf 85' lang='grc' dir='ltr'>τινος</span> <span class='ocrx_word' id='word_1_267' title='bbox 575 3211 656 3294; x_wconf 81' lang='grc' dir='ltr'>ἐρᾶν,</span> <span class='ocrx_word' id='word_1_268' title='bbox 673 3212 800 3295; x_wconf 80' lang='grc' dir='ltr'>φανερὸς</span> <span class='ocrx_word' id='word_1_269' title='bbox 816 3211 843 3271; x_wconf 81' lang='grc' dir='ltr'>δ’</span> <span class='ocrx_word' id='word_1_270' title='bbox 858 3210 894 3294; x_wconf 76' lang='grc' dir='ltr'>ἦν</span> <span class='ocrx_word' id='word_1_271' title='bbox 911 3211 945 3273; x_wconf 84' lang='lat' dir='ltr'>od</span> <span class='ocrx_word' id='word_1_272' title='bbox 961 3215 1019 3273; x_wconf 85' lang='grc' dir='ltr'>τῶν</span> <span class='ocrx_word' id='word_1_273' title='bbox 1035 3211 1075 3273; x_wconf 83' lang='grc' dir='ltr'>τὰ</span> 
     </span>
     <span class='ocr_line' id='line_1_38' title="bbox 60 3291 1073 3382; baseline 0.002 -26"><span class='ocrx_word' id='word_1_274' title='bbox 60 3296 187 3378; x_wconf 85' lang='grc' dir='ltr'>σώματα</span> <span class='ocrx_word' id='word_1_275' title='bbox 208 3296 281 3377; x_wconf 84' lang='grc' dir='ltr'><strong>πρὸς</strong></span> <span class='ocrx_word' id='word_1_276' title='bbox 296 3297 387 3380; x_wconf 84' lang='grc' dir='ltr'>ὥραν,</span> <span class='ocrx_word' id='word_1_277' title='bbox 411 3295 560 3358; x_wconf 68' lang='lat' dir='ltr'>allidaris</span> <span class='ocrx_word' id='word_1_278' title='bbox 576 3295 628 3364; x_wconf 78' lang='grc' dir='ltr'>τὰς</span> <span class='ocrx_word' id='word_1_279' title='bbox 643 3291 741 3382; x_wconf 75' lang='grc' dir='ltr'>ψυχὰς</span> <span class='ocrx_word' id='word_1_280' title='bbox 755 3296 828 3378; x_wconf 85' lang='grc' dir='ltr'>πρὸς</span> <span class='ocrx_word' id='word_1_281' title='bbox 844 3295 903 3378; x_wconf 85' lang='grc' dir='ltr'>ἀρε</span> <span class='ocrx_word' id='word_1_282' title='bbox 922 3295 954 3356; x_wconf 68' lang='grc' dir='ltr'>’ν</span> <span class='ocrx_word' id='word_1_283' title='bbox 971 3294 1006 3358; x_wconf 82' lang='grc' dir='ltr'>εὖ</span> <span class='ocrx_word' id='word_1_284' title='bbox 1023 3319 1073 3358; x_wconf 88' lang='grc' dir='ltr'>πε-</span> 
     </span>
    </p>
   </div>
   <div class='ocr_carea' id='block_1_9' title="bbox 61 3377 1074 3462">
    <p class='ocr_par' dir='ltr' id='par_1_12' title="bbox 61 3377 1074 3462">
     <span class='ocr_line' id='line_1_39' title="bbox 61 3377 1074 3462; baseline 0.004 -22"><span class='ocrx_word' id='word_1_285' title='bbox 61 3377 198 3462; x_wconf 80' lang='grc' dir='ltr'>φυκότων</span> <span class='ocrx_word' id='word_1_286' title='bbox 226 3378 392 3462; x_wconf 81' lang='grc' dir='ltr'>ἐφιέμενος.</span> <span class='ocrx_word' id='word_1_287' title='bbox 436 3379 572 3444; x_wconf 86' lang='lat' dir='ltr'>Memor.</span> <span class='ocrx_word' id='word_1_288' title='bbox 597 3378 642 3443; x_wconf 92' lang='grc' dir='ltr'>Π.</span> <span class='ocrx_word' id='word_1_289' title='bbox 670 3380 709 3456; x_wconf 81' lang='lat'>6,</span> <span class='ocrx_word' id='word_1_290' title='bbox 726 3381 776 3444; x_wconf 88' lang='grc'>28.</span> <span class='ocrx_word' id='word_1_291' title='bbox 809 3378 892 3444; x_wconf 94' lang='lat' dir='ltr'>Ibid.</span> <span class='ocrx_word' id='word_1_292' title='bbox 936 3379 999 3457; x_wconf 88' lang='lat'>.3,</span> <span class='ocrx_word' id='word_1_293' title='bbox 1014 3382 1074 3455; x_wconf 86' lang='grc'>14.</span> 
     </span>
    </p>
   </div>
   <div class='ocr_carea' id='block_1_10' title="bbox 61 3445 1190 3549">
    <p class='ocr_par' dir='ltr' id='par_1_13' title="bbox 61 3445 1190 3549">
     <span class='ocr_line' id='line_1_40' title="bbox 61 3445 1190 3549; baseline 0.001 -20"><span class='ocrx_word' id='word_1_294' title='bbox 61 3462 183 3529; x_wconf 67' lang='lat' dir='ltr'>oeeon.</span> <span class='ocrx_word' id='word_1_295' title='bbox 207 3462 268 3529; x_wconf 77' lang='lat' dir='ltr'>vu.</span> <span class='ocrx_word' id='word_1_296' title='bbox 290 3465 436 3529; x_wconf 60' lang='lat'>14-16.</span> <span class='ocrx_word' id='word_1_297' title='bbox 471 3452 705 3549; x_wconf 67' lang='lat' dir='ltr'>symponum</span> <span class='ocrx_word' id='word_1_298' title='bbox 725 3465 755 3528; x_wconf 88' lang='lat'>3.</span> <span class='ocrx_word' id='word_1_299' title='bbox 785 3462 877 3528; x_wconf 76' lang='lat' dir='ltr'>vlu.</span> <span class='ocrx_word' id='word_1_300' title='bbox 897 3464 927 3529; x_wconf 79' lang='lat' dir='ltr'>a.</span> <span class='ocrx_word' id='word_1_301' title='bbox 950 3465 1000 3529; x_wconf 84' lang='lat'>15.</span> <span class='ocrx_word' id='word_1_302' title='bbox 1021 3466 1073 3530; x_wconf 78' lang='lat' dir='ltr'>ro.</span> <span class='ocrx_word' id='word_1_303' title='bbox 1115 3514 1118 3519; x_wconf 51' lang='lat'>.</span> <span class='ocrx_word' id='word_1_304' title='bbox 1179 3445 1190 3458; x_wconf 90' lang='grc'><strong>”</strong></span> 
     </span>
    </p>
   </div>
   <div class='ocr_carea' id='block_1_11' title="bbox 60 3545 1073 3900">
    <p class='ocr_par' dir='ltr' id='par_1_14' title="bbox 60 3545 1073 3900">
     <span class='ocr_line' id='line_1_41' title="bbox 60 3545 1073 3649; baseline 0.003 -39"><span class='ocrx_word' id='word_1_305' title='bbox 60 3548 214 3614; x_wconf 85' lang='lat' dir='ltr'>Platon.</span> <span class='ocrx_word' id='word_1_306' title='bbox 236 3545 348 3633; x_wconf 85' lang='lat' dir='ltr'>Sym.</span> <span class='ocrx_word' id='word_1_307' title='bbox 368 3573 401 3649; x_wconf 86' lang='lat' dir='ltr'>p.</span> <span class='ocrx_word' id='word_1_308' title='bbox 424 3551 495 3614; x_wconf 92' lang='grc'><strong>177.</strong></span> <span class='ocrx_word' id='word_1_309' title='bbox 517 3548 562 3613; x_wconf 91' lang='lat' dir='ltr'>D.</span> <span class='ocrx_word' id='word_1_310' title='bbox 591 3550 665 3614; x_wconf 22' lang='lat'>¹193.</span> <span class='ocrx_word' id='word_1_311' title='bbox 686 3547 726 3613; x_wconf 84' lang='lat' dir='ltr'>E.</span> <span class='ocrx_word' id='word_1_312' title='bbox 761 3550 832 3614; x_wconf 86' lang='grc'><strong>198.</strong></span> <span class='ocrx_word' id='word_1_313' title='bbox 853 3549 896 3613; x_wconf 93' lang='grc' dir='ltr'>Ι).</span> <span class='ocrx_word' id='word_1_314' title='bbox 932 3549 1005 3614; x_wconf 89' lang='grc'><strong>201.</strong></span> <span class='ocrx_word' id='word_1_315' title='bbox 1027 3548 1073 3613; x_wconf 89' lang='lat' dir='ltr'>D.</span> 
     </span>
     <span class='ocr_line' id='line_1_42' title="bbox 62 3572 1073 3733; baseline 0.003 -38"><span class='ocrx_word' id='word_1_316' title='bbox 62 3634 133 3696; x_wconf 90' lang='grc'><strong>217.</strong></span> <span class='ocrx_word' id='word_1_317' title='bbox 149 3632 189 3696; x_wconf 88' lang='grc' dir='ltr'>Β.</span> <span class='ocrx_word' id='word_1_318' title='bbox 205 3655 275 3718; x_wconf 88' lang='lat' dir='ltr'>sqq.</span> <span class='ocrx_word' id='word_1_319' title='bbox 304 3572 420 3718; x_wconf 64' lang='lat' dir='ltr'>Iiysrd.</span> <span class='ocrx_word' id='word_1_320' title='bbox 460 3683 468 3698; x_wconf 92' lang='lat'>.</span> <span class='ocrx_word' id='word_1_321' title='bbox 484 3635 555 3699; x_wconf 87' lang='grc'><strong>204.</strong></span> <span class='ocrx_word' id='word_1_322' title='bbox 573 3633 720 3699; x_wconf 68' lang='lat' dir='ltr'>r‘Phaedn</span> <span class='ocrx_word' id='word_1_323' title='bbox 737 3655 770 3733; x_wconf 89' lang='lat' dir='ltr'>p.</span> <span class='ocrx_word' id='word_1_324' title='bbox 786 3635 858 3697; x_wconf 91' lang='grc'><strong>227.</strong></span> <span class='ocrx_word' id='word_1_325' title='bbox 874 3631 912 3713; x_wconf 68' lang='grc' dir='ltr'>Ο.</span> <span class='ocrx_word' id='word_1_326' title='bbox 943 3631 1073 3699; x_wconf 82' lang='lat' dir='ltr'>Charm.</span> 
     </span>
     <span class='ocr_line' id='line_1_43' title="bbox 62 3716 1073 3803; baseline 0.002 -25"><span class='ocrx_word' id='word_1_327' title='bbox 62 3716 117 3793; x_wconf 91' lang='lat' dir='ltr'>in.‚</span> <span class='ocrx_word' id='word_1_328' title='bbox 132 3716 217 3782; x_wconf 90' lang='lat' dir='ltr'>Prot.</span> <span class='ocrx_word' id='word_1_329' title='bbox 256 3766 264 3782; x_wconf 95' lang='lat'>.</span> <span class='ocrx_word' id='word_1_330' title='bbox 278 3720 352 3784; x_wconf 87' lang='lat'>309.</span> <span class='ocrx_word' id='word_1_331' title='bbox 366 3718 410 3783; x_wconf 87' lang='lat' dir='ltr'>A.</span> <span class='ocrx_word' id='word_1_332' title='bbox 478 3720 589 3784; x_wconf 86' lang='lat' dir='ltr'>axim.</span> <span class='ocrx_word' id='word_1_333' title='bbox 604 3718 693 3803; x_wconf 84' lang='lat' dir='ltr'>Tyr.</span> <span class='ocrx_word' id='word_1_334' title='bbox 707 3718 795 3783; x_wconf 78' lang='lat' dir='ltr'>Drss.</span> <span class='ocrx_word' id='word_1_335' title='bbox 812 3716 946 3783; x_wconf 88' lang='lat' dir='ltr'>XXIV.</span> <span class='ocrx_word' id='word_1_336' title='bbox 962 3741 994 3803; x_wconf 88' lang='lat' dir='ltr'>p.</span> <span class='ocrx_word' id='word_1_337' title='bbox 1008 3720 1073 3782; x_wconf 87' lang='grc'>452</span> 
     </span>
     <span class='ocr_line' id='line_1_44' title="bbox 63 3799 1072 3900; baseline 0.001 -36"><span class='ocrx_word' id='word_1_338' title='bbox 63 3821 132 3884; x_wconf 91' lang='lat' dir='ltr'>sqq.</span> <span class='ocrx_word' id='word_1_339' title='bbox 154 3799 229 3866; x_wconf 88' lang='lat' dir='ltr'>XX</span> <span class='ocrx_word' id='word_1_340' title='bbox 262 3851 270 3867; x_wconf 94' lang='lat'>.</span> <span class='ocrx_word' id='word_1_341' title='bbox 291 3827 325 3891; x_wconf 89' lang='lat' dir='ltr'>p.</span> <span class='ocrx_word' id='word_1_342' title='bbox 340 3805 444 3890; x_wconf 76' lang='lat' dir='ltr'>3&#39;sqq.</span> <span class='ocrx_word' id='word_1_343' title='bbox 467 3803 603 3870; x_wconf 91' lang='lat' dir='ltr'>XXVI.</span> <span class='ocrx_word' id='word_1_344' title='bbox 618 3827 650 3890; x_wconf 93' lang='lat' dir='ltr'>p.</span> <span class='ocrx_word' id='word_1_345' title='bbox 666 3805 706 3869; x_wconf 84' lang='lat'>15</span> <span class='ocrx_word' id='word_1_346' title='bbox 722 3825 790 3888; x_wconf 90' lang='lat' dir='ltr'>sqq.</span> <span class='ocrx_word' id='word_1_347' title='bbox 812 3802 966 3867; x_wconf 89' lang='lat' dir='ltr'>XXVII.</span> <span class='ocrx_word' id='word_1_348' title='bbox 981 3825 1014 3900; x_wconf 91' lang='lat' dir='ltr'>p.</span> <span class='ocrx_word' id='word_1_349' title='bbox 1031 3801 1072 3865; x_wconf 79' lang='lat'>32</span> 
     </span>
    </p>
   </div>
   <div class='ocr_carea' id='block_1_12' title="bbox 63 3884 1195 3973">
    <p class='ocr_par' dir='ltr' id='par_1_15' title="bbox 63 3884 1195 3973">
     <span class='ocr_line' id='line_1_45' title="bbox 63 3884 1195 3973; baseline -0.009 -20"><span class='ocrx_word' id='word_1_350' title='bbox 63 3907 133 3968; x_wconf 83' lang='lat' dir='ltr'>sqq.</span> <span class='ocrx_word' id='word_1_351' title='bbox 149 3886 198 3951; x_wconf 87' lang='lat' dir='ltr'>ed.</span> <span class='ocrx_word' id='word_1_352' title='bbox 213 3885 305 3973; x_wconf 85' lang='lat' dir='ltr'>Lips.</span> <span class='ocrx_word' id='word_1_353' title='bbox 328 3889 436 3973; x_wconf 90' lang='lat' dir='ltr'>Atque</span> <span class='ocrx_word' id='word_1_354' title='bbox 459 3888 571 3953; x_wconf 88' lang='lat' dir='ltr'>eodem</span> <span class='ocrx_word' id='word_1_355' title='bbox 582 3889 721 3972; x_wconf 90' lang='lat' dir='ltr'>pertinet</span> <span class='ocrx_word' id='word_1_356' title='bbox 732 3886 968 3972; x_wconf 87' lang='lat' dir='ltr'>quodammodo</span> <span class='ocrx_word' id='word_1_357' title='bbox 982 3884 1072 3960; x_wconf 81' lang='lat' dir='ltr'>nllud,</span> <span class='ocrx_word' id='word_1_358' title='bbox 1192 3915 1195 3920; x_wconf 90' lang='lat'><strong>·</strong></span> 
     </span>
    </p>
   </div>
   <div class='ocr_carea' id='block_1_13' title="bbox 63 3970 1073 4144">
    <p class='ocr_par' dir='ltr' id='par_1_16' title="bbox 63 3970 1073 4144">
     <span class='ocr_line' id='line_1_46' title="bbox 64 3970 1073 4056; baseline -0.004 -22"><span class='ocrx_word' id='word_1_359' title='bbox 64 3970 150 4055; x_wconf 90' lang='lat' dir='ltr'>quod</span> <span class='ocrx_word' id='word_1_360' title='bbox 172 3992 241 4034; x_wconf 87' lang='lat' dir='ltr'>sese</span> <span class='ocrx_word' id='word_1_361' title='bbox 256 3971 396 4038; x_wconf 89' lang='lat' dir='ltr'>subinde</span> <span class='ocrx_word' id='word_1_362' title='bbox 423 3973 589 4039; x_wconf 86' lang='lat' dir='ltr'>dictitabat</span> <span class='ocrx_word' id='word_1_363' title='bbox 610 3974 687 4037; x_wconf 82' lang='lat' dir='ltr'>artis</span> <span class='ocrx_word' id='word_1_364' title='bbox 714 3972 917 4037; x_wconf 87' lang='lat' dir='ltr'>obstetriciae</span> <span class='ocrx_word' id='word_1_365' title='bbox 938 3990 1073 4056; x_wconf 85' lang='lat' dir='ltr'>gnarum</span> 
     </span>
     <span class='ocr_line' id='line_1_47' title="bbox 63 4055 1070 4144; baseline -0.003 -25"><span class='ocrx_word' id='word_1_366' title='bbox 63 4078 144 4135; x_wconf 78' lang='lat' dir='ltr'>csse,</span> <span class='ocrx_word' id='word_1_367' title='bbox 168 4055 208 4121; x_wconf 88' lang='lat' dir='ltr'>de</span> <span class='ocrx_word' id='word_1_368' title='bbox 230 4077 293 4138; x_wconf 90' lang='lat' dir='ltr'>qua</span> <span class='ocrx_word' id='word_1_369' title='bbox 314 4058 415 4143; x_wconf 86' lang='lat' dir='ltr'>ipsius</span> <span class='ocrx_word' id='word_1_370' title='bbox 435 4060 630 4144; x_wconf 86' lang='lat' dir='ltr'>professione</span> <span class='ocrx_word' id='word_1_371' title='bbox 652 4083 681 4125; x_wconf 91' lang='lat' dir='ltr'>v.</span> <span class='ocrx_word' id='word_1_372' title='bbox 696 4057 795 4122; x_wconf 87' lang='lat' dir='ltr'>Plat.</span> <span class='ocrx_word' id='word_1_373' title='bbox 812 4056 941 4121; x_wconf 79' lang='lat' dir='ltr'>Theact.</span> <span class='ocrx_word' id='word_1_374' title='bbox 956 4077 986 4139; x_wconf 87' lang='lat' dir='ltr'>p.</span> <span class='ocrx_word' id='word_1_375' title='bbox 1001 4055 1070 4117; x_wconf 83' lang='grc'><strong>149.</strong></span> 
     </span>
    </p>
   </div>
   <div class='ocr_carea' id='block_1_14' title="bbox 0 0 1306 4620">
    <p class='ocr_par' dir='ltr' id='par_1_17' title="bbox 0 0 1306 4620">
     <span class='ocr_line' id='line_1_48' title="bbox 0 0 1306 4620; baseline 0 0"><span class='ocrx_word' id='word_1_376' title='bbox 0 0 1306 4620; x_wconf 95' lang='lat' dir='ltr'> </span> 
     </span>
    </p>
   </div>
   <div class='ocr_carea' id='block_1_15' title="bbox 873 588 1232 737">
    <p class='ocr_par' dir='ltr' id='par_1_18' title="bbox 873 588 1232 737">
     <span class='ocr_line' id='line_1_49' title="bbox 873 588 1232 737; baseline 0.003 -85"><span class='ocrx_word' id='word_1_377' title='bbox 873 588 960 672; x_wconf 76' lang='lat' dir='ltr'>quos</span> <span class='ocrx_word' id='word_1_378' title='bbox 981 601 1079 737; x_wconf 61' lang='lat' dir='ltr'>eaput</span> <span class='ocrx_word' id='word_1_379' title='bbox 1164 608 1167 614; x_wconf 93' lang='lat'>·</span> <span class='ocrx_word' id='word_1_380' title='bbox 1231 716 1232 724; x_wconf 11' lang='grc' dir='ltr'><strong><em>Ν</em></strong></span> 
     </span>
    </p>
   </div>
   <div class='ocr_carea' id='block_1_16' title="bbox 319 1349 1198 1435">
    <p class='ocr_par' dir='ltr' id='par_1_19' title="bbox 319 1349 1198 1435">
     <span class='ocr_line' id='line_1_50' title="bbox 319 1349 1198 1435; baseline -0.003 -21"><span class='ocrx_word' id='word_1_381' title='bbox 319 1350 427 1434; x_wconf 88' lang='lat' dir='ltr'>quanti</span> <span class='ocrx_word' id='word_1_382' title='bbox 448 1349 548 1415; x_wconf 86' lang='lat' dir='ltr'>¹nobis</span> <span class='ocrx_word' id='word_1_383' title='bbox 574 1350 704 1435; x_wconf 92' lang='lat' dir='ltr'>quidem</span> <span class='ocrx_word' id='word_1_384' title='bbox 730 1362 815 1416; x_wconf 90' lang='lat' dir='ltr'>certe</span> <span class='ocrx_word' id='word_1_385' title='bbox 844 1351 1078 1417; x_wconf 88' lang='lat' dir='ltr'>aestimandum</span> <span class='ocrx_word' id='word_1_386' title='bbox 1195 1406 1198 1411; x_wconf 90' lang='lat'>.</span> 
     </span>
    </p>
   </div>
  </div>
 </body>
</html>
