2604 4620
27 258 29 263 ,
134 217 279 265 XXXVIII
502 213 770 261 ruoausosssrru

102 370 107 377 ’
135 380 169 437 et
189 369 252 435 hoa
269 389 398 452 quoque
418 366 546 433 nomine
567 377 727 451 tamquam
747 363 926 451 praeparati
946 362 992 431 ad
1006 386 1082 431 eam
1094 386 1157 433 au·

136 454 287 519 diendam
307 451 469 517 aoeedant.

178 538 272 628 Haeo
295 536 396 637 igitur
420 536 489 602 fere
515 545 600 612 sunt,
629 555 713 617 quae
737 543 845 601 nostro
872 534 1006 619 quidem
1031 534 1155 603 indieio

124 624 170 689 'in
195 623 342 711 legendis
369 621 509 707 quinque
534 618 693 706 prioribus
714 618 908 685 orationibus
928 618 1086 707 inprimis
1108 632 1155 687 te·

135 708 205 775 neri
225 718 370 794 oporteat
390 717 423 771 et
448 706 534 771 unde
561 704 601 769 de
622 726 731 769 aarum
752 715 938 790 argumento
954 704 1092 804 pariter
1111 718 1156 771 at·

39 811 43 818 ·
136 808 200 878 que
219 793 283 858 fine
304 791 457 857 iudicium
476 789 685 876 repetendum
699 787 749 854 sit.
770 788 882 872 Atque
895 788 1043 855 indrdem
1058 790 1156 857 etiarn

136 878 232 945 facile
256 878 432 962 intelligas,
448 876 592 975 ,de-quo
619 896 694 975 sane
720 874 853 939 multum
879 886 929 977 est
955 874 1155 977 dubitatum,

300 959 611 1122 amn
638 959 851 1126 rnna
870 969 1026 1109 ree
1047 972 1154 1113 ,αεα

135 1132 203 1211 fiat,
229 1132 265 1197 iu
292 1128 503 1195 describenda
531 1138 563 1193 et
584 1127 802 1211 adumbranda
821 1127 948 1195 honesti
968 1150 1053 1216 erga
1074 1132 1153 1199 ado·

139 1218 298 1284 lesoentes
311 1214 430 1280 amoris
445 1224 568 1290 natura,
588 1212 635 1277 ita
650 1212 788 1297 quidem,
811 1224 847 1280 ut
862 1234 961 1297 quum
980 1214 1055 1280 eius
1072 1216 1154 1283 fines

136 1300 317 1367 accuratius
338 1299 557 1387 designentur,
578 1296 696 1381 quibus
717 1296 769 1364 vel
788 1321 809 1363 a
828 1298 921 1365 foeda
937 1296 1090 1367 lubidine
1103 1301 1154 1369 vel

136 1387 232 1452 etiam
253 1384 294 1451 ab
316 1385 386 1449 aliis
407 1383 525 1448 amoris
546 1381 717 1469 generibus
738 1382 945 1462 disparantur,
967 1394 1040 1451 tum
1054 1386 1153 1453 etiam

136 1470 346 1537 ostendantur
372 1467 457 1534 bona
483 1480 578 1552 atque
606 1467 780 1546 commoda,
808 1489 890 1551 quae
917 1468 993 1537 inde
1021 1479 1091 1536 tam
1118 1471 1152 1537 iu

137 1556 294 1642 privatam
315 1577 417 1639 quam
442 1554 477 1618 in
504 1551 664 1640 publicam
690 1553 789 1619 vitam
811 1553 992 1621 redundare
1013 1556 1151 1623 soleant.

138 1639 215 1723 Quo
235 1641 306 1727 ipso
326 1639 361 1704 id
382 1639 529 1717 efficitur,
550 1648 586 1702 ut
605 1637 742 1722 denique
754 1637 926 1726 imaginem
939 1639 1009 1705 eius
1023 1641 1150 1719 amoris,

137 1726 195 1811 qui
220 1725 322 1791 amori
348 1724 474 1791 divinae
495 1723 671 1809 sapientiae
692 1734 853 1807 tamquam
874 1745 914 1789 ex
935 1724 1038 1791 altera
1057 1736 1149 1812 parte

137 1807 1147 1963 remurterreremurmutu

137 1920 523 2130 ἓιιξίῐὲὲιξὲΐιιᾶυὲἑὶᾶηὴᾟ
531 1940 1010 2128 aolppopgmmodumexpressam
1016 1998 1140 2078 eernere

137 2112 409 2215 videamuanune
430 2072 1137 2233 ordineqdeinoepsutsiebtrlbb'logbbswmuir’

180 2233 310 2298 Primus
324 2233 425 2319 igitur
438 2232 565 2297 dicendi
580 2243 687 2318 partes
700 2232 866 2299 Phaedrus
881 2233 1025 2321 suscipit.
1103 2233 1145 2299 od

137 2341 196 2384 eur
216 2319 262 2383 ita
281 2318 347 2421 dat,
369 2317 462 2384 Plato
483 2317 552 2404 ipse
574 2318 652 2384 satis
666 2318 750 2420 cipro
765 2318 958 2419 signifioarit
969 2343 1001 2407 p.
1016 2321 1090 2386 177.
1102 2318 1145 2385 A.

137 2403 373 2572 attriti?
390 2403 899 2588 §iiiiiaffribiiiiiibiiui
913 2405 1055 2555 iffi?
1067 2426 1146 2554 ⁰123:
1184 2540 1187 2545 ,

137 2573 283 2673 dationes
309 2572 495 2672 publreatae·
517 2573 590 2651 sint,
617 2584 713 2656 atque
725 2584 844 2674 ,auctor
865 2573 984 2640 dieitur
1003 2572 1146 2641 extitisse

138 2656 631 2808 'eonfflhtiitquobrivbbxmbarbiblti
650 2659 792 2809 prsesdreps
805 2657 1147 2809 Agantlhonisteopvivis

136 2765 268 2894 ffiiis
288 2763 452 2893 iauiiesqin
474 2764 584 2893 oibem
605 2839 700 2893 eunte
711 2767 917 2895 ediobbgdinuer
921 2768 999 2897 'otib
1019 2744 1148 2916 Iffiffi

137 2912 438 3016 oareipstituerint.
458 2911 618 3014 Nimirum
638 2935 783 3014 caussam
802 2914 886 2979 illius
923 2914 1063 2995 esiderii‚
1105 2936 1147 2981 uo

135 3001 273 3172 iiii?
285 2998 1074 3233 iiii‘df‘¹i¹ii’c⁰?gi¹e⁰i.⁰¹if¹⁵2iipa¹⁸i⁴ffi‚
1090 3022 1147 3149 ui}

136 3170 651 3334 {tdtnttd⁹¹attd5¹¹dtt⁰t
674 3171 732 3320 {ti
752 3169 969 3342 {ibiibi
987 3191 1146 3319 ἓαῗαῒὲ

1 3394 3 3401 .
137 3336 223 3400 vitae
243 3338 439 3420 voluptatem
459 3340 641 3423 ponendam
661 3362 731 3404 esse
753 3339 923 3406 arbitratus
942 3339 992 3405 sit.
1019 3335 1054 3403 Is
1076 3335 1088 3399 i
1113 3337 1142 3389 '-

137 3428 190 3482 tur
215 3421 328 3484 merito
354 3432 514 3487 oratorum
540 3434 702 3508 tamquam
729 3448 747 3489 a
803 3449 843 3491 en
870 3424 966 3501 duait.
1011 3419 1086 3485 Lau
1131 3432 1146 3485 t

138 3523 215 3568 vero
236 3503 389 3568 Amorem
409 3528 474 3571 non
495 3508 564 3572 sine
585 3530 667 3574 rana
687 3532 708 3594 q
773 3532 825 3575 am
838 3508 998 3577 doctrinae
1010 3528 1053 3573 ex
1065 3529 1144 3594 poe·

138 3589 180 3689 tis
195 3598 240 3689 ‘et
265 3587 475 3688 mythologie·
489 3590 622 3659 haustas
648 3594 814 3662 iaetatione
840 3607 1001 3681 tamquam
1025 3615 1147 3659 numen

138 3674 292 3752 divinum,
314 3674 401 3755 quod
421 3675 551 3757 qurdem
571 3678 709 3764 primum
729 3680 870 3746 omnium
890 3678 1145 3765 antiquissimum

138 3761 185 3826 ait
205 3781 286 3837 esse,
308 3758 422 3824 deinde
442 3759 519 3825 item
540 3762 705 3848 praedicat
717 3775 754 3829 ut
767 3767 976 3832 maximorum
990 3765 1145 3833 bonorum

135 3847 333 3948 largitorem,
362 3844 480 3931 quippe
507 3868 605 3931 quum
625 3850 803 3917 amantibus
828 3873 1018 3939 generosam
1043 3872 1145 3952 quan-

138 3932 212 3997 dam
242 3933 361 3998 innaret
387 3931 626 4011 verecundiam,
654 3955 736 4018 quae
762 3958 817 4001 eos
845 3936 888 4001 ad
914 3936 1089 4004 undatim
1113 3944 1146 4000 et

138 4015 272 4084 honesta
299 4014 438 4082 facinora
464 4026 495 4082 et
522 4016 723 4104 suscipienda
744 4031 776 4085 et
797 4021 1011 4107 perpetranda
1031 4020 1143 4108 impel-
