2604 4620
377 258 383 263 ·
445 255 655 321 nrrnnnn.
679 275 708 336 ρ.
729 259 779 319 nn
803 252 874 320 aa
1090 258 1151 321 ns

138 439 213 510 ταῖς
237 435 298 518 μὲν
322 429 418 516 σαρξί
442 426 561 515 σοίρκες
586 434 845 514 προςγίνανται,
873 439 944 507 τοῖς
977 432 1011 496 nl
1037 426 1150 508 ὀστοῖς

137 532 232 612 ὀστᾶ,
259 533 315 599 καὶ
342 528 429 599 οὕτω
456 524 541 595 κατὰ
570 525 632 596 τὸν
656 526 762 596 αὐτὸν
786 526 887 614 λόγον
912 533 967 597 καὶ
993 540 1064 607 τοῖς
1088 525 1149 596 ἄλ·

139 637 211 712 λσις
235 628 278 698 rai
303 629 417 697 arimin
443 635 548 696 οἰκεῖα
574 625 724 708 ἑκάστοις
747 636 979 716 προςγίνηται,
1004 628 1079 696 τότε
1106 624 1147 711 δὴ

138 729 201 800 τὸν
225 730 339 813 ὀλίγον
362 726 462 816 ὅγκον
488 724 572 795 ὅντα
596 725 737 816 ὕστερον
753 726 859 796 πολὺν
884 734 1064 815 γεγονέναι,
1091 733 1148 798 καὶ

138 828 227 902 οίίτω
249 834 427 916 γίγνεσθαι
458 825 519 894 τὸν
545 825 684 915 σμικρὸν
707 823 899 917 ἄνθρωπον
922 835 1036 914 μέγαν.
1062 826 1148 898 οὕτω

136 932 213 999 τότε
248 927 362 1016 ᾤμην·
397 927 437 997 οὐ
471 930 558 997 δοκῶ
592 952 646 997 σοι
674 933 831 1014 μετρίοις,·
871 924 1022 1015 Ἔμοιγε,
1044 927 1147 1022 ίρηὸ

136 1034 260 1116 Κέβης.
312 1032 450 1124 Σκέψαι
481 1025 522 1110 δὴ
555 1031 611 1095 καὶ
643 1026 723 1122 τάδε
757 1032 815 1095 ln.
843 1022 937 1115 ᾤμην
959 1024 1023 1114 γὰρ
1049 1035 1150 1115 ἔγωγε

137 1133 260 1207 ἱκανῶς
290 1155 348 1215 μοι
381 1132 504 1208 δοκεῖν,
546 1124 645 1196 ὁπότε
680 1154 731 1207 τις
769 1135 926 1218 φαίνοιτο
959 1125 1149 1217 ἄνθρωπος

139 1227 315 1317 παραστὰς
337 1235 438 1317 μέγας
460 1231 585 1316 σμικρῷ
610 1231 728 1316 μείζων
754 1229 838 1297 εἶναι
856 1229 942 1324 αὐτῇ
957 1232 997 1322 τῇ
1014 1233 1151 1322 κεφαλῇ,

139 1335 194 1397 καί
221 1337 324 1408 ίππος
349 1336 469 1399 ίππου·
495 1332 551 1396 καὶ
576 1334 625 1397 ἔτι
649 1357 684 1413 γε
711 1330 840 1398 τούτων
855 1337 1082 1418 ἐναργέστερα,
1108 1327 1150 1398 τοί
1179 1355 1205 1416 Ε

139 1434 215 1496 δέκα
239 1458 297 1518 μοι
322 1431 424 1499 ἐδόκει
458 1433 526 1497 τῶν
557 1427 643 1497 ὀκτὼ
670 1435 807 1500 πλείονα
833 1429 918 1499 εἶναι
943 1426 998 1499 διὰ
1023 1427 1059 1498 τὸ
1087 1430 1148 1500 δύο

139 1529 255 1608 αὐτοῖς
279 1545 460 1615 προςεῖναι,
485 1533 541 1596 καὶ
568 1528 605 1598 τὸ
632 1536 750 1616 ἇίπηχν
777 1535 836 1597 τοῦ
853 1537 1017 1619 πηχυαίου
1037 1534 1149 1616 μεῖζον

140 1629 225 1696 εἶναι
260 1627 314 1696 διὰ
351 1628 389 1697 τὸ
425 1629 533 1714 ἡμίσει
569 1629 673 1697 αὐτοῦ
711 1629 886 1716 ὑπερέχειν.
940 1635 1016 1698 Νῦν
1041 1636 1074 1698 δὲ
1101 1630 1151 1713 δή,

141 1732 208 1816 ἓηη
235 1725 253 1795 ὁ
275 1731 393 1812 Κέβης,
419 1735 451 1795 τί
476 1751 530 1795 σοι
556 1731 647 1798 δοκεῖ
674 1732 746 1816 περὶ
772 1730 902 1810 αὐτῶν;
932 1728 1056 1820 Πόρῥω
1075 1757 1151 1810 που,

141 1835 225 1919 ἔφη,
254 1825 294 1910 νὴ
321 1824 372 1896 Δί’
400 1833 455 1914 ἐμὲ
479 1828 562 1896 εἶναι
589 1832 653 1895 τοῦ
676 1829 814 1898 οἴεσθαι
840 1829 1067 1918 περὶτούτων
1092 1856 1153 1898 του

208 2091 260 2141 καὶ
285 2092 389 2149 ίαπος
408 2091 529 2159 ίπσον]
550 2090 594 2142 Sic
612 2090 680 2144 Tub.
700 2090 757 2143 Vat.
775 2091 839 2144 Ven.
861 2091 896 2141 Π.
915 2089 991 2143 Vind.
1012 2092 1073 2146 ΥΦ.
1096 2092 1154 2144 Ριε.

140 2161 176 2214 G.
203 2162 292 2214 Ambr.
317 2161 388 2213 Flor.
412 2160 437 2213 d.
462 2161 525 2211 Zitt.
549 2162 615 2226 Aug.
641 2166 668 2212 et
690 2176 705 2211 a
728 2176 767 2225 pr.
792 2175 827 2213 m.
851 2159 926 2212 Bodl.
956 2160 1018 2213 Van.
1036 2163 1064 2214 Ξ,
1086 2161 1155 2215 Vett.

140 2229 213 2280 editt.
230 2229 274 2278 καί
291 2227 370 2286 innoc
388 2228 462 2293 ίππηι.
1140 2230 1144 2234 ’

209 2297 240 2352 E.
281 2297 401 2353 αὐτοῖς
429 2296 621 2364 προσεῖναι]
657 2296 734 2347 Hanc
762 2297 898 2347 lectionem
925 2295 1052 2348 debemus
1078 2296 1155 2351 Bodl.

142 2381 212 2429 rem,
231 2366 310 2417 Coisl.
331 2366 444 2432 Tubing.
464 2368 515 2417 Vnt
542 2367 605 2418 Ven.
628 2368 663 2417 Λ.
683 2366 742 2416 Par.
762 2364 907 2417 CEGHl.
926 2366 1014 2416 Ambr.
1034 2380 1072 2432 pr.
1091 2367 1154 2420 Par.

141 2433 173 2488 L.
194 2437 259 2500 Aug.
278 2433 450 2499 Florentinis,
467 2435 533 2487 aliis.
569 2433 633 2485 Nam
653 2434 744 2499 Steplr.
763 2439 919 2500 προςθεῑναι
937 2433 1026 2484 edidit.

208 2503 282 2570 περὶ
306 2502 434 2554 τούτων
459 2523 517 2555 τον
537 2500 595 2567 την
612 2500 701 2569 αὐτ]
728 2520 776 2552 του
793 2500 892 2552 addunt
909 2501 973 2553 Ven.
990 2499 1155 2556 AD..Vind.

139 2683 228 2720 verum
258 2675 299 2719 eat
326 2666 392 2719 κατὰ
425 2673 524 2734 ταῦτα,
554 2669 624 2736 quod
707 2667 826 2739 μείζων
846 2668 935 2719 εἶναι
955 2668 1037 2736 αὐτῇ
1055 2675 1156 2738 rjus·

141 2743 202 2802 post
223 2734 355 2802 λαβούσης
385 2736 414 2787 τὸ
446 2738 549 2805 η’ρεμεῖι·
572 2753 624 2791 non
674 2736 775 2805 φαλῇ]
814 2738 932 2802 „Verius
965 2746 1030 2806 puto
1063 2739 1156 2806 μείζων

140 2806 216 2857 aliter
237 2805 345 2857 infertur
367 2822 444 2871 qnam
460 2808 520 2858 alibi
540 2805 625 2864 οίίτσις
674 2807 740 2858 εἶναι
762 2803 846 2858 αὐτοῦ
867 2812 900 2870 τῇ
922 2810 1019 2873 κεφαλῇ
1043 2808 1087 2858 καί
1111 2807 1156 2858 ία-

139 2873 294 2935 frequentari
313 2876 389 2925 solet.
674 2894 740 2938 που,
764 2875 780 2925 i.
807 2890 829 2925 ε.
861 2874 964 2927 maior
995 2877 1051 2927 ille
1077 2891 1155 2928 essa

177 2939 347 3006 λαβούσης
387 2939 422 2990 τὰ
470 2938 623 3008 ἤρεμεῖν]
674 2959 731 3010 per
753 2948 861 3006 caput,
887 2948 920 2993 et
945 2957 1047 3007 equus
1077 2942 1155 2993 item

140 3007 207 3059 Nam
233 3023 281 3056 nna
308 3007 435 3072 ἐπιστήμη
457 3024 490 3059 ex
507 3009 624 3060 Platonis
675 3025 756 3074 equo
785 3009 890 3058 maior
920 3012 1028 3062 esse.“
1056 3008 1157 3058 WYT-

142 3075 270 3125 sententia
288 3074 366 3125 babet
384 3076 564 3137 stabilitatem,
580 3076 624 3127 fir·
674 3076 780 3127 Tnnn.
819 3076 870 3126 Pro
889 3074 957 3139 ίίσιῳ
977 3075 1052 3127 codd.
1066 3077 1157 3141 optimi

142 3144 260 3195 mitatem
291 3148 317 3192 et
347 3143 530 3194 constantiam
560 3142 625 3200 δόξα
675 3145 763 3207 utique
780 3142 861 3192 l'nnon
880 3142 1012 3196 exhibent:
1031 3144 1077 3196 sed
1089 3141 1157 3210 αὐτῇ

141 3214 168 3264 in
185 3211 285 3262 incerto
305 3216 422 3276 vagatur.
674 3213 732 3264 libri
761 3227 850 3263 omnes
877 3217 987 3263 tuentnr.
1032 3213 1086 3265 Nec
1110 3229 1156 3266 na-

176 3279 206 3333 C.
243 3278 278 3328 ιὰ
304 3279 381 3346 περὶ
406 3276 625 3348 τόνούρανόν
674 3279 814 3332 cessarium
838 3278 938 3331 videtur
963 3280 1156 3337 Ιιοοίιιαίτοῡ

141 3366 175 3399 τε
200 3367 222 3396 κ.
245 3368 269 3398 τ.
293 3368 318 3413 γ.
344 3347 456 3412 πάθη]
483 3348 498 3399 b
520 3365 559 3402 ε.
578 3365 623 3412 ea,
673 3355 781 3402 mutare.
818 3348 940 3400 Ceterum
967 3353 1045 3416 vulgo
1063 3367 1156 3418 perpe-

141 3431 226 3482 qnae
262 3417 291 3466 in
328 3420 428 3469 caelo
464 3424 497 3470 et
532 3424 624 3470 terra
674 3420 1156 3487 rampostanuxpgbcommaterlistin-

141 3485 310 3538 eveniunt.
673 3487 808 3555 guebatur.

175 3552 212 3612 ὥς
237 3553 331 3606 οὐδὲν
354 3552 483 3621 χρῆμα]
509 3560 543 3604 tlt
570 3555 623 3620 qui

142 3625 288 3674 maxime.
320 3639 343 3673 v.
376 3623 481 3688 Viget.
513 3640 537 3689 p.
564 3623 621 3677 158

142 3691 266 3742 Similiter
299 3691 394 3742 Latini:
425 3690 505 3742 nibil
538 3690 623 3744 vide-

142 3759 242 3824 batur
276 3775 321 3812 me
365 3776 439 3812 esse
474 3760 624 3830 ineptius

143 3825 180 3877 ad
199 3825 277 3877 baec
296 3827 531 3895 investiganda
777 3880 779 3887 x

178 3895 209 3946 D.
239 3893 622 3966 οιίιλοκῶσοιμετρίινς]
710 3897 825 3968 Πόρἰ
861 3917 953 3963 που,
989 3899 1072 3960 ἔφη,
1111 3894 1153 3958 νη

142 3962 174 4016 b..
192 3979 214 4016 e.
240 3965 454 4029 sartatecta,
484 3982 572 4019 vere.
600 3982 622 4016 v.
674 3965 724 4019 Δί’
750 3917 799 4034 -λ
821 3967 940 4032 Longe
964 3981 1013 4017 me
1039 3963 1156 4015 abesae

142 4031 176 4082 ad
193 4031 292 4085 Criton.
316 4048 340 4096 p.
359 4031 401 4086 46.
421 4033 450 4088 C.
486 4033 624 4087 Μοκίκα-
674 4036 714 4088 ab
750 4036 859 4089 narum
898 4047 1002 4085 rernm
1042 4031 1156 4096 cogni·

142 4098 406 4159 ιῶςιλοκεῐνᾱίοίίοτ.
585 4100 588 4105 ’
676 4106 784 4158 ilonea
811 4099 1156 4162 mnltnmabesse,nt

708 3591 739 3645 E.
777 3590 828 3642 διὰ
856 3590 891 3643 τὸ
919 3587 1155 3659 ἦμίσειιιιίτσῦ
1195 3623 1197 3625 -

673 3658 861 3729 ὑπερέχειν]
899 3660 931 3714 P.
963 3661 1018 3714 101.
1049 3661 1081 3712 Β.
1113 3660 1156 3710 καί

673 3729 704 3779 τὸ
730 3730 825 3794 δίπηχυ
849 3734 898 3780 τοῦ
919 3732 1050 3795 πηχυαίου
1069 3727 1155 3794 ἡμίσει

673 3796 761 3865 μεῖζον
778 3798 852 3848 εἶναι.
1123 3832 1132 3861 ,
