2604 4620
192 251 254 314 ssu
565 222 819 310 ’νιινοιιιο

126 460 129 481 ·
173 420 306 512 1Ὦςπιρ
332 427 384 504 τίς
408 411 453 504 ἦν
471 420 503 490 δ’
532 417 605 506 ἐγώ.
647 416 771 509 Ὦςπιρ
787 416 875 487 τόὸι.
896 416 1008 500 οἶσθ’,
1033 414 1089 487 ὅτι
1106 420 1213 502 ποίη-

191 530 241 604 σίς
267 529 335 592 ἐστί
358 547 392 589 τι
416 521 512 590 πολύ.
539 521 560 605 ἡ
583 519 648 610 γάρ
675 547 729 589 τοι
756 529 790 590 ἐκ
817 523 878 588 τοῦ
905 518 952 605 μὴ
979 514 1082 597 ὄντος
1096 527 1148 599 τὶς
1168 517 1209 588 τὸ

190 621 232 692 ὃν
256 622 342 691 ὶόντι
367 620 500 708 ὁτῳοῦν
525 628 617 689 αἰτία
642 621 735 690 πᾶσά
762 630 831 690 ἐστι
856 627 1008 707 ποίησις,
1035 618 1119 699 vigra
1150 625 1210 689 καὶ

93 716 96 721 ’
135 730 160 793 0
190 731 226 792 αἱ
256 721 322 793 ὑπὸ
356 723 481 803 πιέσαις
514 736 588 802 ταῖς
619 729 748 809 τέχναις
780 727 931 809 ἐργασίαι
965 719 1116 803 ποιήσεις
1146 727 1211 791 alul

190 829 246 892 καὶ
278 831 310 894 οἱ
342 822 470 893 τούτων
496 828 689 911 δημιουργοὶ
724 821 846 902 πάντες
870 826 1016 904 ποιηταί.
1065 820 1211 906 Ἀληθῆ

188 931 299 1012 λέγεις.
345 924 435 992 Ἀλλ’
467 924 569 1012 ὅμως,
596 916 618 1007 ἦ
644 923 675 991 δ’
707 921 746 1007 ἦ,
773 922 884 1004 οἶσθ’,
911 919 1028 990 ὅτιού
1055 928 1208 993 καλοῦν-

189 1053 245 1094 ται
276 1033 428 1109 ποιηταί,
463 1025 541 1094 ἀλλ’
579 1022 667 1092 ἄλλοι
694 1032 822 1111 ἑγουσιν
855 1023 1027 1110 ὀνόματα,
1058 1022 1134 1094 ἀπὸ
1171 1029 1207 1094 δὲ

189 1126 298 1210 πάσης
331 1131 391 1208 τῆς
425 1127 586 1210 ποιήσεως
617 1130 653 1194 ἓν
683 1124 802 1216 μόριον
833 1123 1029 1216 ἀφορισθέν
1060 1122 1101 1192 τὸ
1130 1131 1207 1218 περὶ

189 1225 251 1310 τὴν
275 1224 438 1313 μουσικὴν
471 1231 526 1296 καὶ
561 1223 603 1294 τὰ
638 1234 742 1316 μέτρα
778 1229 824 1311 τῷ
860 1230 920 1293 τοῦ
947 1222 1027 1293 ὅλου
1054 1223 1206 1314 ὀνόματι

119 1411 122 1416 .
188 1328 481 1417 προςαγορεύιται.
514 1333 645 1411 ποίησις
680 1326 745 1417 γὰρ
777 1331 881 1396 τοῦτο
907 1326 1014 1414 μόνον
1040 1330 1204 1410 καλεῖται,

137 1485 141 1491 .
189 1433 246 1498 καὶ
264 1437 297 1500 οἱ
312 1436 443 1518 ἔχοντες
459 1433 560 1497 τοῦτο
577 1425 616 1496 τὸ
633 1425 754 1516 μόριον
779 1431 839 1510 τῆς
864 1425 1025 1510 ποιήσεως
1048 1435 1203 1512 ποιηταί.

185 1529 318 1614 Ἀληθῆ
352 1535 472 1618 λέγεις,
507 1536 601 1623 ἔφην.
662 1526 756 1598 Οὕτω
797 1535 910 1597 τοίνυν
942 1533 999 1597 καὶ
1031 1533 1107 1619 περὶ
1142 1529 1205 1600 τὸν

256 1794 270 1860 ἡ
289 1795 347 1865 γάρ
365 1815 418 1847 τοι
435 1797 466 1847 ἐκ
483 1802 541 1849 τοῦ
558 1795 597 1864 μ]
615 1817 642 1847 τι
655 1794 732 1850 Bodl.
744 1795 845 1848 Vnt-A.
857 1795 1118 1851 Par·DFK.Ambr.
1134 1801 1201 1864 Aug.

187 1881 213 1916 u.
221 1881 251 1917 w.
263 1866 321 1917 Vat.
330 1881 353 1919 n.
361 1881 413 1931 ps.
423 1865 523 1918 Flanb.
533 1867 550 1917 i.

170 1933 194 1985 f
255 1967 285 2019 C.
318 1958 397 2017 ’All‘
422 1966 522 2035 ὅμως,
547 1961 564 2032 ἧ
586 1968 612 2020 δ’
637 1967 668 2033 n‘p',
700 1967 789 2020 οἶσθ’
816 1965 883 2036 ὅτι]
913 1968 1051 2020 [tellenas
1075 1983 1122 2033 pro
1144 1966 1198 2032 ἤδη

189 2038 303 2089 correxit
321 2031 338 2100 ιῖ
356 2035 380 2086 ‹l'
404 2034 427 2101 ιῖ.
465 2039 616 2103 Sedunum
637 2032 653 2103 ἤ
672 2037 697 2088 ‹l'
720 2035 750 2094 ὅς
770 2045 797 2090 et
813 2039 860 2103 lon
882 2039 905 2088 in
925 2044 997 2089 recta
1016 2038 1130 2088 oratione
1149 2052 1195 2087 su-

189 2105 266 2157 binde
289 2108 438 2170 omiltatur,
463 2108 540 2158 veluti
560 2107 591 2158 dc
609 2108 676 2174 Rep.
694 2107 736 2159 IV.
754 2125 779 2172 p.
799 2105 851 2161 425
878 2107 909 2158 C.
929 2123 952 2158 v.
973 2124 999 2173 p.
1018 2105 1077 2160 ltu.
1095 2109 1124 2156 Α.
1144 2104 1197 2156 du·

189 2174 273 2237 bitare
290 2175 382 2238 aliquis
400 2176 492 2240 possit,
509 2191 569 2227 num
589 2175 635 2226 hac
655 2191 722 2242 opus
740 2177 774 2226 sit
794 2177 944 2228 mutatione.
980 2175 1071 2240 Neque
1088 2190 1119 2225 ea
1132 2189 1200 2240 pro-

190 2241 252 2293 bata
277 2249 317 2293 est
341 2243 496 2295 Buttmsuuo
519 2245 662 2298 Grammat.
688 2246 765 2309 ampl.
789 2244 821 2297 T.
838 2245 871 2296 ll.
895 2247 925 2296 Ρ.
946 2246 977 2296 ll.
1005 2261 1030 2310 p.
1049 2243 1126 2306 430..
1153 2245 1201 2309 qui

190 2316 306 2367 veterum
326 2315 552 2376 grammaticorum
577 2314 654 2364 affert
677 2313 824 2364 testimonia
843 2307 860 2377 ἦ
878 2313 905 2365 δ’
926 2311 955 2373 ὃς
973 2315 1051 2366 etiam
1071 2312 1104 2363 de
1123 2312 1203 2364 teml-

189 2379 229 2430 uis
254 2385 403 2445 usurpatum
427 2397 485 2432 esse
506 2383 695 2433 affirmantium.
744 2382 838 2433 Verum
869 2383 958 2433 luorum
987 2381 1201 2439 testimoniorum

189 2462 241 2500 nou
260 2465 292 2500 ea
311 2456 352 2499 cst
376 2451 429 2512 vis,
454 2456 484 2501 ut
506 2467 556 2502 non
581 2454 641 2502 item
661 2445 678 2516 ἧ
697 2448 723 2500 δ’
742 2449 760 2514 'l'
781 2461 932 2516 usurpatum
960 2468 1018 2504 esse
1041 2449 1152 2502 credere
1169 2451 1202 2502 li·

189 2523 257 2569 cest.
293 2519 377 2572 Quam
397 2521 508 2571 otiosum
528 2527 612 2571 autem
633 2527 659 2570 et
676 2521 814 2570 molestum
837 2522 870 2571 sit
887 2521 954 2570 istud
973 2521 1035 2584 ἤδη,
1058 2534 1139 2585 quum
1160 2518 1201 2570 hic

190 2591 243 2637 tum
263 2588 375 2638 maxime
388 2588 451 2639 intra
463 2606 487 2654 ρ.
497 2589 556 2643 206.
567 2590 597 2639 B.
609 2590 751 2654 intelligere
770 2590 836 2640 licet.
873 2589 938 2639 Dein
956 2604 1002 2654 pro
1015 2589 1104 2652 ἔχουσι
1121 2588 1200 2642 Bodl.

119 2697 121 2701 .
189 2654 247 2706 Vat.
256 2657 287 2706 A.
302 2655 375 2706 Vind.
383 2656 407 2709 2.
422 2658 474 2708 Par
489 2658 549 2709 ΒΚ.
564 2665 661 2724 Augu.
674 2658 761 2724 Vatp.
772 2664 799 2709 et
810 2674 848 2725 pr.
861 2658 961 2711 νοοῖ.
980 2656 1088 2714 ἕξουσιν.

215 2821 336 2892 Ὧςπιρ
355 2825 415 2890 τίς]
433 2825 552 2891 frequens
568 2825 667 2878 formu·
716 2825 760 2878 vl.
779 2825 879 2893 p.5l1.
900 2826 934 2878 Αι
956 2823 1000 2879 δ’τι
1018 2824 1049 2878 τὸ
1069 2825 1122 2882 ὑπὸ
1143 2834 1201 2893 ταῖς

188 2895 229 2955 la,
262 2909 339 2958 quum
367 2897 425 2959 quis
452 2898 598 2962 exemplum
629 2896 666 2946 rei
716 2898 882 2963 γεωμετρίαις
900 2895 990 2960 λέγεις.

188 2963 274 3014 alfani
292 2964 376 3028 iubet,
400 2980 423 3017 v.
449 2965 665 3032 Hoogcvccu.
750 2966 782 3016 l).
825 2963 866 3014 τὸ
904 2968 971 3031 μὲν
1009 2966 1201 3033 κεφάλαιόν

188 3031 221 3083 sd
242 3032 441 3099 Viger.p.572.
716 3033 991 3101 ἔστιν-παντί]
1013 3037 1044 3086 in
1064 3038 1201 3088 uuiver-

107 3102 111 3110 '
223 3097 279 3150 δ’τι
303 3105 436 3167 ποίησίς
460 3103 588 3153 latin
612 3121 666 3152 πο-
716 3118 787 3154 sum
813 3103 944 3168 quidem
970 3105 1200 3157 omnisbono-

188 3167 240 3234 λα’]
270 3169 293 3222 h.
319 3187 341 3222 e.
374 3173 552 3236 multiplex
575 3172 665 3237 qnid·
716 3187 782 3222 rum
814 3188 852 3222 ac
884 3171 1065 3224 felicitatis
1095 3170 1200 3240 appe·

189 3237 319 3290 dannot
346 3242 413 3292 lata
441 3248 573 3306 patens,
606 3242 666 3306 qnnia
717 3242 797 3292 titio
822 3240 1001 3305 unicuique
1029 3242 1199 3296 maximus

188 3305 263 3357 liuius
280 3310 399 3360 vocabuli
423 3311 573 3375 significatio
594 3311 666 3361 latis·
716 3316 769 3359 est
793 3316 890 3374 atque
916 3310 1058 3362 dolosus
1087 3319 1199 3375 Amor,

189 3377 254 3426 sime
274 3383 353 3441 patet.
390 3379 435 3429 Sic
453 3377 534 3432 πολύς
551 3380 663 3444 positum
715 3378 768 3429 io
804 3380 991 3430 inuniversum
1018 3380 1128 3443 quaevis
1147 3381 1200 3432 bo·

187 3442 664 3513 Pontiapuaun.nottepvlnp.
716 3462 806 3498 uorum
836 3464 867 3499 ac
900 3448 1030 3500 felicitatis
1068 3449 1200 3514 cupiditas

187 3511 248 3565 526.
268 3512 298 3562 E.
335 3515 374 3566 De
398 3517 522 3582 proximis
548 3516 663 3582 Sophist.
716 3517 807 3580 cuique
826 3532 899 3568 umor
917 3524 958 3568 est
972 3518 1097 3569 maximus
1115 3522 1200 3581 atquo

187 3579 334 3646 p.219.ss:
354 3589 404 3632 πᾶν
424 3582 579 3650 δ’περᾶνμὴ
600 3583 666 3650 πρό·
716 3585 864 3637 insidiosus.
906 3587 1037 3651 lungeuda
1065 3586 1144 3637 verba
1172 3587 1200 3637 ἰιι

187 3647 266 3715 τυρόν
282 3668 322 3707 τις
341 3650 372 3700 ὃν
390 3651 497 3717 ὕστερον
522 3654 557 3711 εἰς
575 3653 666 3704 alalos
716 3652 782 3704 hunc
800 3654 922 3706 modum=
941 3655 971 3705 τὸ
992 3660 1036 3723 μὲν
1055 3653 1209 3717 κεφάλαιον

187 3717 253 3787 ἄγῃ,
273 3718 321 3769 τὸν
338 3722 383 3785 μὲν
400 3720 498 3785 ἄγοντα
515 3728 611 3789 ποιεῖν,
633 3720 663 3773 τὸ
716 3721 730 3786 ἡ
750 3729 800 3773 τῶν
815 3722 925 3787 ἀμαθῶν
940 3725 982 3774 καὶ
1001 3725 1049 3774 τοῦ
1067 3723 1199 3790 εὐδαιμο-

189 3788 218 3837 ‹l›
237 3787 365 3855 ἀγόμενον
385 3790 526 3840 ποιεῖσθαί
544 3789 596 3839 nov'
616 3809 666 3855 φα·
715 3798 766 3840 νεῖν
783 3794 914 3858 ἐπιθυμία
938 3795 994 3845 ἐστὶ
1019 3792 1096 3842 παντὶ
1114 3792 1128 3844 ὁ
1147 3795 1199 3861 μέ-

187 3875 242 3922 pm.
285 3860 323 3910 Ad
349 3860 426 3909 verbu
451 3859 479 3907 αἱ
502 3856 553 3908 ὑπὸ
574 3857 666 3916 πάσαις
715 3861 804 3925 μιστός
822 3878 849 3910 τε
867 3862 911 3910 καὶ
928 3861 1033 3930 δολερὸς
1050 3863 1121 3926 ἔρως.
1156 3862 1200 3914 De

187 3928 289 3990 τέχναις
302 3929 418 3994 ἐργασίαι
429 3928 570 3979 contendas
584 3928 665 3994 Hipp.
716 3931 824 3980 articulo
856 3931 1005 3995 praedicato
1037 3931 1141 3983 adiecto
1172 3949 1198 3983 v.

187 3996 244 4048 mul.
256 4017 279 4065 ρ.
288 3998 347 4053 295,
360 3999 394 4049 D:
416 3997 514 4064 ὄργανα
534 3996 619 4049 πάντα
633 3995 665 4047 τιν’
716 3999 808 4050 Rost.
827 4000 874 4049 Gr.
890 3999 911 4064 ᾗ.
925 4000 966 4057 98.
986 4004 1015 4052 Α.
1033 4018 1058 4067 p.
1070 3998 1132 4052 447.
1152 4002 1201 4054 ed.

188 4079 216 4110 tt
234 4066 284 4118 ὑπὸ
313 4073 344 4132 τῇ
367 4073 476 4134 μουσικῇ
499 4066 591 4118 καὶτὰ
610 4064 664 4116 ὑπὸ
715 4067 741 4119 4.
764 4068 925 4120 Matthiae
950 4069 1073 4124 61κῖΰὸ
1096 4079 1124 4122 et
1142 4077 1202 4125 not.

189 4143 248 4193 ταῖς
272 4136 361 4196 ἄλλαις
385 4141 492 4201 τέχναις.
534 4137 572 4189 lle
595 4137 664 4204 Rep.
716 4135 748 4188 ad
767 4136 850 4203 Gorg.
867 4138 994 4204 pennu
1032 4139 1202 4194 Tribuitsu·
