2604 4620
501 260 548 306 sn
573 257 785 308 arneosmu.
840 220 843 234 ¹
1037 260 1138 308 xnvn

141 416 175 516 in
197 435 235 480 eo
243 415 474 521 'operelooum‘
487 411 683 513 concederet,
704 411 789 496 quod
801 410 948 560 illibi
961 421 1055 496 atque
1068 414 1137 502 glo-

140 497 1139 682 elusanus,

143 670 290 747 tefaoere,
313 679 431 753 quanto
451 667 503 732 ille
523 666 655 731 inferior
678 662 810 732 Socrate
831 666 951 745 luisset,
972 666 1047 732 hoet
1066 690 1139 733 eum

138 754 219 821 oh‘m
235 755 357 820 nefarie
379 762 464 819 esset
482 751 567 838 apud
581 749 692 837 populi
713 750 946 816 multitudinem
967 752 1139 818 calumnia·

140 850 204 905 tus.
232 839 273 904 Ἀ
307 861 348 903 ue
376 838 438 902 hoo
463 836 509 901 ita
533 848 619 901 recte
646 835 741 906 statui
769 835 863 918 etiam
893 836 955 899 alia
981 837 1141 916 evincunt,

138 946 222 1008 quae
241 924 275 989 in
324 920 468 1008 ymposio
493 921 545 986 vel
572 919 612 985 de
633 917 764 987 Socrate
790 921 841 985 vel
866 921 906 985 de
926 920 1141 1008 Aristophane

139 1008 285 1094 exposita
305 1008 464 1108 leguntur.
485 1004 568 1070 Nam
588 1004 726 1091 primum
737 1005 865 1089 quidem
885 1004 1024 1071 comicus
1045 1029 1065 1070 a
1079 1004 1140 1073 So·

139 1102 227 1157 orate
248 1103 402 1179 pungitur
416 1090 483 1156 sine
503 1089 600 1154 dnbio
620 1111 669 1166 eo,
690 1089 781 1173 quod.
794 1089 848 1153 hic
866 1111 960 1155 omne
981 1091 1049 1156 eius
1071 1103 1140 1157 stu-

140 1176 230 1241 dium
240 1177 323 1242 circa
332 1175 494 1241 Bacchum
506 1184 539 1238 et
548 1172 838 1239 Veneremversari
852 1173 929 1239 dicit
939 1174 1140 1259 (putam).
1197 1222 1206 1245 s
1244 1218 1249 1223 ι

142 1259 239 1341 Quod
260 1261 320 1327 etsi
340 1259 425 1324 amhi
471 1280 489 1323 e
509 1257 630 1323 dictum
643 1269 702 1336 est,
723 1258 978 1342 quandoquidem
992 1259 1141 1326 Bacchus

138 1345 278 1430 praefuit
305 1345 402 1409 etiam
425 1281 513 1409 liidie
541 1342 674 1409 scenicis
699 1354 795 1427 atque
815 1342 925 1409 Venus
953 1344 1141 1411 creberrime

138 1452 213 1497 eum
233 1452 271 1496 eo
293 1439 455 1513 tamquam
476 1450 580 1493 comes
600 1429 808 1506 consociatur,
837 1437 942 1494 tamen
965 1452 1029 1495 non
1057 1443 1141 1496 caret

137 1523 224 1582 certe
243 1513 413 1580 viridantia
433 1511 579 1598 quadam,
622 1535 682 1577 uae
701 1512 765 1576 fuit
785 1513 881 1578 etiam
901 1517 1056 1580 sententia
1067 1515 1140 1581 Fa-

138 1597 262 1667 bricii,
277 1597 464 1676 Bibliothec.
485 1594 544 1662 Gr.
558 1535 673 1662 leL
701 1595 794 1663 Libr.
811 1596 856 1662 Π.
883 1620 912 1662 c.
933 1600 984 1664 21.
1003 1623 1036 1684 p.
1056 1602 1149 1679 706,-

140 1683 327 1768 praesertim
347 1705 446 1767 quum
458 1680 688 1766 Aristophanes
709 1692 742 1746 et
761 1681 864 1768 pridie
884 1682 948 1747 iam
961 1684 1141 1770 Agathonis

139 1790 159 1831 e
182 1767 243 1837 ulie
262 1767 441 1835 interfuerit
466 1776 499 1831 et
523 1767 613 1831 iuxta
640 1787 713 1832 cum
733 1767 902 1854 Agathone
927 1768 1023 1832 etiam
1043 1771 1141 1835 altero

174 1866 194 1917 a¹
213 1851 348 1919 convivii
368 1852 452 1918 inter
472 1850 600 1917 ultimos
614 1861 774 1950 potatores
795 1873 865 1916 esse
884 1864 1039 1932 narretur,
1061 1853 1142 1921 adeo

139 1934 1140 2090 stattsatiastiattulissetis·that

136 2128 202 2191 qne
219 2116 339 2192 parato
361 2106 462 2172 Porro
477 2107 572 2172 eliam
586 2105 767 2192 singultus‘
792 2105 955 2195 eAristop
1018 2110 1054 2188 ἐ,
1067 2109 1142 2177 licet
1177 2167 1179 2172 .

139 2203 172 2258 et
192 2191 262 2277 ipse
283 2190 404 2276 aliquid
424 2191 540 2257 haheat
552 2189 779 2292 ambiguitatis,
802 2190 967 2276 siquidem,
989 2203 1142 2281 utsupra

137 2276 346 2355 ostendimus,
373 2276 469 2341 etiam
494 2277 537 2341 ad
564 2278 704 2342 taedmm
730 2299 771 2341 ex
794 2276 974 2343 Pausaniae
1000 2281 1141 2346 oratione
1226 2286 1229 2291 '

101 2391 107 2399 ¹
139 2371 330 2447 conceptum
348 2360 458 2427 referri
479 2371 594 2446 potest,
616 2372 729 2439 tamen,
744 2361 818 2444 quia
839 2361 971 2427 fortasse
993 2366 1048 2427 ὑπὸ
1068 2369 1139 2449 πλη·

139 2451 259 2531 operis,
281 2467 298 2511 e
319 2447 438 2514 ventris
458 2445 664 2533 plenitudine,
686 2456 775 2510 ortus
796 2469 867 2511 esse
887 2446 1054 2526 iudicatur,
1076 2471 1139 2513 non

139 2529 233 2630 plane
254 2553 367 2598 vacare
387 2531 513 2596 videtur
532 2531 686 2608 irrisione,
708 2530 827 2616 quippe
847 2552 911 2614 quo
932 2531 1001 2596 eins
1015 2542 1141 2599 notetur

138 2616 389 2702 mtsmperantia,
411 2617 446 2680 id
458 2617 545 2700 quod
558 2615 678 2702 placuit
690 2616 784 2680 etiam
804 2614 978 2681 Aristidi
992 2617 1083 2683 Tem.
1095 2617 1140 2683 Π.

139 2721 172 2784 p.
193 2701 267 2767 371.
294 2701 344 2767 ed.
369 2700 470 2767 Dind.
512 2701 650 2767 Accedit
672 2700 750 2780 huc,
783 2700 869 2785 quod
895 2699 1044 2768 Socrates
1069 2703 1140 2791 ipse
1243 2716 1246 2723 '

124 2806 172 2870 p.
194 2785 266 2850 205.
287 2785 332 2851 D.
352 2785 392 2849 E'.
422 2788 610 2852 sententiam
636 2787 705 2852 eius
732 2787 773 2851 de
797 2787 912 2852 amoris
940 2787 1062 2853 caussis
1083 2811 1139 2852 ex-

138 2868 286 2954 plicatam
307 2870 385 2933 satis
404 2880 515 2953 aperte
527 2869 567 2933 ab
581 2870 724 2935 Diotima
736 2871 824 2969 carpi
843 2881 875 2936 et
887 2871 1027 2936 vellicari
1039 2871 1140 2950 iubet,

138 2951 290 3036 qdodque
307 2951 541 3038 Aristophanes
561 2965 707 3019 narratur
727 2955 769 3018 ad
788 2966 850 3018 ista
870 2957 1007 3020 voluisse
1022 2954 1140 3038 aliquid

140 3056 304 3119 reponere,
353 3036 419 3100 uod
445 3047 550 3101 tamen
576 3037 692 3103 deinde
715 3037 884 3103 Alcibiade
910 3039 1140 3104 interveniente

140 3118 312 3185 reticuerit
383 3142 455 3185 erro
479 3120 514 3186 in
540 3119 601 3186 hac
626 3142 739 3187 caussa
761 3122 1076 3206 praetermittendum
1096 3123 1140 3188 si·

140 3202 241 3270 lentio
260 3226 324 3270 non
345 3212 404 3283 est,
425 3205 512 3290 quod
524 3202 650 3271 fabulae
663 3204 889 3292 Aristophanis
901 3229 922 3270 a
937 3204 1068 3273 Socrate
1081 3207 1139 3275 de·

138 3289 215 3355 inde
236 3289 406 3376 opponitur
426 3289 554 3375 mythus
576 3291 672 3379 longe
692 3289 896 3379 ingeniosior,
916 3314 992 3358 vera
1011 3291 1065 3359 ille
1087 3314 1138 3359 sa·

139 3373 304 3526 1tildhlliilhdJ
304 3375 465 3527 lelidtinitie
474 3376 615 3527 ridhlilelir
624 3374 1142 3546 diqvinudioiihldapiiddhiaeuidadteeqriih
1231 3474 1232 3478 ’

117 3544 295 3622 initiatae,
318 3545 353 3609 id
380 3508 491 3646 aperie
518 3545 601 3611 valet
625 3568 724 3630 quum
744 3545 787 3611 ad
806 3545 982 3614 irridendos
1002 3487 1140 3633 risliquos

139 3639 289 3709 oratores,
311 3641 380 3695 tum
398 3630 544 3716 reprimis
564 3631 606 3695 ad
632 3630 857 3695 ludificandum
876 3632 1137 3720 Aristophanem

141 3714 286 3780 omnibus
316 3713 400 3783 enim
428 3716 480 3782 vel
506 3715 676 3804 peregrina
701 3716 812 3781 mulier
837 3717 934 3806 longe
950 3726 953 3733 '
968 3718 1139 3804 sapientior

140 3795 239 3865 fuisse
264 3799 403 3885 lingitur.
438 3798 509 3868 Nee
535 3824 609 3867 vero
635 3800 715 3866 illud
740 3800 983 3868 subsannatione
1001 3801 1139 3886 quadam

142 3900 250 3946 carere
281 3906 468 3966 censemus,
506 3887 592 3970 quod
611 3892 766 3953 ‘extremo
801 3886 947 3976 dialogo,
979 3885 1138 3972 plerisque

142 3963 283 4031 convivis
308 3967 434 4035 domum
460 3971 596 4037 reversis
624 3969 676 4037 vel
699 3971 775 4037 vino
804 3982 836 4037 et
857 3992 966 4037 somno
985 3967 1137 4058 gravatis,
1173 3985 1177 3990 ·

141 4049 382 4135 Aristophanes,
409 4053 538 4140 Agatho
563 4064 658 4142 atque
681 4053 829 4123 Socrates
856 4078 957 4140 usque
979 4075 1138 4121 sermones
