2604 4620
138 226 198 271 LVl
501 219 768 268 PROLEGOMBNA

138 386 247 466 getur3
269 398 333 462 qua
344 375 480 459 ,quidem
501 373 644 439 oratione
663 373 708 451 id,
730 373 814 457 quod
834 372 869 435 iu
893 371 1151 438 vitahominum

137 464 286 538 cernitur,
312 460 398 526 haud
418 457 554 524 absurde
576 469 775 543 comparatur
796 480 868 521 cum
890 456 1054 522 communi
1075 457 1149 545 lege

136 557 268 611 naturae
295 546 474 622 universae,
502 556 539 606 ut
560 532 605 606 illi
627 548 786 626 tamquam
807 564 891 607 nova
910 542 1072 626 quaedam
1093 543 1150 607 lux

137 631 327 695 affundetur.
348 629 490 694 Revocat
504 639 608 692 tamen
630 628 793 713 proximus
813 639 929 704 orator,
951 627 1149 713 Aristopha-

136 738 202 793 nes,
225 715 481 801 disputationem,
504 712 587 777 sicut
608 712 669 777 fuit
690 724 944 788 consentaneum,
967 734 1086 777 rursus
1108 713 1150 777 ad

136 822 232 865 unam
253 811 399 864 naturam
412 799 592 874 humanam,
614 808 710 881 atque
727 797 834 881 lepida
847 796 954 863 fabula
968 796 1150 861 enarranda

136 884 277 959 hilariter
298 895 329 950 et
350 883 484 948 ridicule
506 904 644 946 amorem
665 882 837 946 humanum
851 905 891 947 ex
905 882 1044 946 naturali
1065 902 1148 967 quo·

136 971 211 1034 dam
233 969 371 1034 sexualis
392 966 585 1067 indigentiae
609 988 705 1031 sensu
726 967 852 1052 repetit,
874 976 911 1030 ut
932 976 998 1030 tota
1010 966 1082 1031 lere
1096 988 1148 1047 ra·

135 1055 181 1119 tio
203 1054 271 1118 eius
292 1053 427 1138 physica
447 1051 601 1143 videatur.
638 1049 713 1131 Quo
735 1053 819 1116 lacto
842 1051 979 1135 denique
1000 1042 1147 1139 Agatho,

137 1139 256 1205 comico
306 1149 395 1202 oetae
421 1135 532 1201 ordine
561 1136 750 1213 succedens,
784 1136 852 1201 eius
881 1135 1015 1212 amoris,
1050 1158 1149 1222 quem

136 1224 231 1289 etiam
255 1160 422 1287 Phaedrus
445 1231 477 1285 et
497 1219 672 1284 Pausanias
693 1219 922 1298 intellexerant,
943 1220 1056 1285 laudes
1079 1231 1148 1285 tra·

136 1309 207 1395 gice
227 1307 366 1392 quidem,
388 1307 445 1370 sed
466 1304 608 1369 admixto
626 1305 703 1369 item
715 1305 803 1369 inani
818 1304 1008 1392 sophisticae
1023 1315 1058 1370 et
1071 1304 1148 1371 rhe-

137 1393 255 1458 toricae
277 1393 351 1457 fuco
373 1389 519 1455 celebrat.
540 1388 655 1473 Itaque
669 1411 778 1455 omnes
793 1412 830 1455 ae
852 1389 980 1476 singuli,
1001 1400 1041 1454 ut
1061 1390 1148 1455 dixi·

136 1500 219 1555 mus,
240 1477 274 1540 in
289 1498 326 1542 eo
340 1474 513 1552 elaborant,
535 1485 571 1537 ut
585 1473 700 1539 amoris
714 1473 806 1560 probi
826 1485 858 1539 et
871 1473 995 1540 honesti
1008 1474 1148 1540 virtutes

138 1571 233 1646 atque
248 1561 338 1626 bona
358 1562 392 1624 in
412 1558 581 1624 illustriore
602 1560 674 1625 luce
697 1561 858 1626 collocent.
884 1558 937 1623 Ex
958 1580 1023 1644 quo
1044 1573 1146 1646 appa-

54 1666 60 1677 ’
136 1656 186 1711 ret
211 1645 375 1712 Platonem
401 1645 451 1710 his
477 1643 672 1710 orationibus
694 1645 858 1733 vulgarem
887 1647 1026 1710 amorem
1054 1665 1146 1709 eum-

137 1751 200 1816 que
215 1743 338 1796 castum
352 1741 449 1815 atque
463 1729 599 1815 probum
613 1729 794 1794 adumbrari
808 1728 956 1807 voluisse,
969 1728 1025 1812 qui
1035 1728 1155 1795 divino.

136 1817 182 1881 illi
211 1828 271 1881 am
294 1838 369 1882 uam
395 1839 436 1880 ex
462 1815 561 1880 altera
587 1825 687 1899 parte·
704 1815 748 1878 ita
773 1824 857 1880 esset
883 1814 1065 1900 oppositus,
1095 1824 1142 1890 ut,

137 1924 235 1986 quum
256 1839 301 1965 illi
323 1901 484 1966 videretur
506 1900 693 1976 contrarius,
717 1910 820 1965 tamen
842 1898 919 1964 item
941 1922 1013 1963 eum
1032 1918 1069 1961 eo
1088 1895 1140 1961 iu-

137 1987 249 2051 teriore
271 1985 407 2069 quadam
429 1985 643 2049 contineretur
669 1984 888 2050 coniunctione
909 2006 947 2048 ac
968 1979 1137 2050 necessitu-

139 2071 224 2135 dine.
247 2068 301 2134 De
321 2092 385 2153 qua
406 2068 535 2151 quidem
552 2069 716 2152 utriusque
731 2060 953 2135 contrarietate
975 2090 1012 2135 ao
1030 2088 1138 2131 neees-

139 2154 277 2218 situdine
299 2154 442 2217 videmur
462 2153 526 2216 iam
547 2151 580 2216 in
603 2153 817 2236 superioribus
844 2153 920 2217 satis
943 2152 1140 2239 exposuisse,

138 2248 175 2302 ut
195 2237 256 2302 hoo
276 2238 346 2302 loco
369 2237 408 2301 de
429 2259 467 2302 ea
487 2236 565 2301 nihil
587 2238 768 2302 addendum
790 2239 839 2303 sit.

178 2320 225 2388 At
245 2323 328 2388 enim
350 2344 424 2386 vero
446 2321 569 2386 etiamsi
590 2321 649 2387 hoc
669 2322 730 2388 illis
751 2321 946 2389 orationibus
961 2323 1030 2387 sine
1044 2320 1145 2387 dubio

136 2408 334 2494 propositum
356 2407 407 2486 sit,
430 2417 553 2471 tantum
573 2418 680 2472 tamen
706 2406 808 2486 abest,
838 2419 874 2473 ut
899 2430 951 2472 res
977 2407 1010 2471 in
1038 2406 1144 2472 disee·

137 2494 311 2578 ptationcm
336 2503 449 2557 vocata
475 2492 612 2557 dilucide
641 2493 817 2578 explicetur
843 2502 899 2557 aut
924 2493 965 2556 ad
987 2491 1145 2577 liquidum

137 2578 339 2663 perducatur,
362 2588 399 2640 ut
419 2576 598 2663 legentibus
620 2577 688 2641 eius
710 2589 869 2662 tamquam
884 2576 1006 2661 species
1022 2588 1145 2642 tantum

139 2672 171 2727 et
190 2663 288 2725 veluti
303 2659 415 2724 umbra
430 2660 624 2724 exhibeatur.
645 2661 726 2725 Nam
741 2663 957 2747 unusquisque
971 2661 1146 2726 dicentium

137 2747 323 2832 particulam
352 2756 473 2808 tantum
500 2746 581 2821 veri,
610 2744 743 2810 subinde
773 2749 865 2812 etiam
894 2746 982 2810 miris
1009 2746 1145 2833 argutiis

137 2831 342 2908 obfirscatam,
353 2829 386 2894 in
401 2831 538 2895 medium
553 2831 656 2894 affert.
680 2828 894 2912 Quamobrem
906 2829 1055 2897 Socrates
1070 2852 1144 2896 ora-

137 2917 230 2982 tionis
254 2939 328 2983 suae
350 2915 506 3002 principio
527 2914 597 2979 illos
619 2937 729 2982 omnes
750 2919 850 2982 l'aoete
873 2915 1003 2981 deludit.
1038 2915 1142 2981 Nimi-

137 3026 208 3068 rum
229 3014 374 3067 versatur
394 3024 482 3066 amor
502 3001 574 3078 iste,
601 3000 655 3084 qui
678 3002 871 3088 depingitur,
899 3001 990 3066 unice
1017 3001 1051 3064 in
1072 3002 1143 3087 opi-

136 3090 230 3154 nione
247 3088 350 3173 (δόξῃ)
365 3109 467 3171 neque
490 3087 615 3173 attingit
636 3086 794 3152 absolutae
816 3086 958 3151 veritatis
977 3082 1141 3150 seientiam

138 3172 350 3256 (detortam),
378 3170 483 3254 Quam
505 3172 545 3236 ob
567 3194 635 3236 rem
657 3183 743 3236 tanta
765 3184 876 3260 regnat
897 3170 1138 3235 interdicentes

138 3256 178 3319 de
207 3279 245 3320 eo
273 3257 461 3321 iudiciorum
490 3257 626 3321 varietas
654 3268 803 3340 tantaque
834 3256 1055 3322 sententiarum
1075 3250 1134 3314 flu-

138 3340 266 3417 ctuatio,
293 3352 329 3404 ut
357 3341 409 3404 alii
436 3341 526 3405 aliter
553 3340 592 3404 de
620 3363 659 3406 eo
686 3353 827 3406 statuant
848 3363 952 3426 neque
972 3336 1136 3423 quisquam

137 3423 178 3486 de
201 3425 269 3487 eius
291 3425 321 3486 vi
344 3435 375 3488 et
397 3436 507 3489 natura
528 3436 650 3490 eertum
672 3437 836 3512 expromat
857 3426 1014 3491 iudioium.

180 3507 316 3572 Accedit
341 3532 416 3572 vcro
445 3511 486 3573 ad
512 3510 599 3586 haee,
629 3511 714 3594 quod
740 3512 794 3597 qui
814 3511 918 3578 -verba
943 3507 1057 3573 sariunt
1079 3527 1139 3569 nec

138 3592 202 3671 ullo
224 3593 315 3658 modo
339 3605 446 3657 tenent
467 3605 563 3657 ortem
588 3594 681 3673 illam,
703 3617 784 3679 quae
805 3620 869 3660 una
890 3596 972 3661 valet
992 3590 1034 3656 ed
1059 3612 1139 3677 cog·

137 3678 326 3744 noscendam
353 3679 517 3743 veritatem
545 3679 724 3764 plurimum.
766 3680 815 3744 Ea
840 3704 916 3746 vero
945 3688 994 3745 est
1014 3676 1140 3741 diale-

138 3764 251 3829 ctica.
281 3761 373 3845 Quae
395 3785 492 3847 quum
513 3764 640 3828 omnino
661 3765 728 3828 veri
751 3777 782 3830 et
803 3766 876 3831 boni
897 3763 1081 3867 indagatrix
1098 3760 1142 3825 sit

138 3849 324 3928 certissima,
349 3861 414 3913 tum
437 3849 541 3928 etiam,
563 3861 600 3914 ut
620 3850 683 3913 iam
698 3872 794 3935 supra
809 3850 1068 3953 significavimus,
1084 3856 1143 3910 'ars

138 3946 185 4000 est
211 3958 301 4000 vere
328 3935 530 4013 amatoria,
559 3933 812 4033 quandoquidem
838 3956 992 4000 immenso
1019 3933 1065 3997 illi
1087 3954 1140 3996 ue-

138 4030 247 4086 ternae
269 4019 489 4105 pulcritudinis
512 4018 678 4095 desiderio,
700 4040 764 4103 quo
782 4021 903 4085 animus
919 4019 1055 4085 amantis
1070 4017 1157 4104 phi-1

810 4304 820 4323 ο
836 4300 846 4313 ·
866 4307 903 4333 .ae
929 4302 1009 4355 '1⁸¹⁸'
1027 4322 1048 4351 'e

792 4370 1051 4453 “hefstat-,-
