2604 4620
206 217 252 279 ιι
462 201 465 207 ’
592 203 914 289 Patronis

542 381 665 472 ;αιίτιι“ι
693 381 734 451 cd
763 385 818 453 ἴσα
843 379 976 450 ἔστιν
960 409 1014 452 οτι
1040 379 1142 453 ἄνισοί
1166 410 1221 455 σοι

209 390 272 474 μὲν
303 375 372 454 oia.
429 387 532 453 Τι’ὃέ

153 482 180 554 (i
208 483 335 576 ἐφάνης
369 510 389 565 η
424 482 445 565 ἡ
481 481 591 565 ἰσότης
625 481 803 567 ἀνισότηςς
858 461 1074 554 Oddendu'rsort
1061 476 1219 569 tymni

213 583 403 668 Σώκρατες.
457 583 504 651 Οὐ
527 580 654 651 ταύτὸν
679 579 740 669 ἄρ’
772 587 876 662 ἐστὶν,
910 573 1032 664 ᾖδ’
1022 581 1074 663 dc,
1110 575 1220 653 vaurd

211 711 246 752 τι
273 680 314 750 τὰ
342 682 398 750 Ιι’σιι
432 687 487 751 καὶ
512 683 596 752 αὐτὸ
630 680 669 751 τὸ
699 685 784 753 icon.
838 681 999 768 Οὐδαμῶς
1023 711 1081 769 μοι
1104 710 1221 778 qeins·
1237 683 1243 692 ⁴

212 809 286 864 ται,
312 773 336 850 ὦ
362 779 551 871 Σώκρατες
600 781 700 851 Ἀλλὰ
734 781 802 872 μὴν
835 792 870 851 ἐκ
904 780 1035 851 τούτων
1067 783 1113 870 γ’,
1147 790 1221 878 ἔφη,

210 888 278 952 τῶν
311 883 406 963 iano,
449 884 609 974 trtpnv’
599 880 707 952 όντων
745 890 870 953 ἐκεινου
907 886 966 949 τοῦ
1000 885 1099 963 icon,
1133 883 1221 972 ὅμως

211 983 318 1052 αὐτοῦ
352 978 414 1064 τὴν
448 983 630 1070 ἐπιστήμην
665 983 864 1067 ἑνιειόηκιὶς
898 1009 932 1052 τι
966 987 1021 1052 καὶ
1064 985 1220 1078 uitaque,-

279 1177 309 1228 C
347 1142 659 1240 ἵωςιινᾶλλοὶδῶι]
679 1176 1219 1262 Εᾶἳῒῖ.οηι11081ἵωςγαριινιιλλοίδων

210 1246 287 1301 Bodi.
307 1245 414 1299 etTub.
434 1244 514 1301 inc
498 1245 610 1295 andito
628 1245 696 1309 idaia,
720 1247 817 1298 omisso
835 1245 894 1314 γάρ.
913 1248 977 1298 Ven.
998 1248 1034 1298 11.
1054 1246 1102 1310 γὰρ
1120 1245 1152 1296 riv
1170 1262 1221 1298 non

210 1315 337 1380 agnoscit.
370 1314 533 1369 Entrnsimus
552 1313 602 1383 γάρ
621 1330 677 1365 eam
697 1316 731 1365 ob
750 1330 885 1378 caussam,
911 1330 986 1379 quam
1011 1313 1074 1364 inira
1099 1317 1221 1378 exposui·

210 1389 276 1434 inus.
296 1383 366 1434 Vatt
385 1382 455 1434 ntor.
476 1380 499 1430 d.
520 1383 583 1434 Zitt.
604 1389 630 1433 et
648 1399 737 1448 margo
758 1384 862 1434 Vem'
840 1403 868 1432 s.
888 1383 957 1433 Ftor.
977 1399 1000 1434 a.
1021 1399 1041 1432 c
1060 1397 1109 1448 pro
1128 1380 1173 1441 ι’ως
1190 1380 1222 1430 ria

210 1448 342 1503 liabent“
325 1467 390 1500 υιιιι
409 1455 473 1519 oda,
492 1450 561 1514 qnod
583 1466 633 1501 non
653 1453 762 1516 amptius
781 1451 950 1516 probarerim

219 1516 223 1525 '
278 1516 485 1581 uiuiparos
502 1522 568 1568 εἴιι
587 1517 767 1586 ἀνόμοιοι]
787 1519 816 1571 V.
833 1521 883 1570 ιιτι
902 1517 1027 1584 ἀνόμοιοι
1044 1512 1187 1582 cicrops
1180 1531 1221 1567 tn·

179 1653 183 1659 .
209 1587 267 1638 titis
285 1587 433 1638 melioribus
451 1586 591 1640 codicibus.

209 1751 277 1820 οὕς]
306 1753 342 1804 Η.
368 1767 523 1807 cannen
548 1752 697 1821 lapides,

209 1823 265 1887 qni
290 1827 368 1872 strat
391 1822 481 1872 inter
512 1838 549 1872 se
575 1839 693 1888 aequa-

210 1893 279 1949 les,
303 1896 406 1954 atque
436 1889 544 1954 tigna,
575 1892 693 1945 itidem

212 1960 303 2010 inter
330 1975 363 2009 se
393 1960 562 2021 aequalia,
595 1977 694 2024 quau-

212 2042 308 2090 quam
328 2024 555 2088 sumendam,
581 2034 693 2079 tamen

211 2093 378 2142 interdum
402 2094 492 2141 inter
514 2109 547 2142 se
573 2109 693 2158 aequa-

212 2161 256 2210 lia
302 2159 479 2219 videntur,
522 2160 692 2212 interdum

213 2226 329 2275 non‘t
322 2242 339 2276 ι.
357 2242 379 2276 e.
406 2240 490 2274 nonne
512 2242 554 2276 res
575 2228 693 2291 eaedem,

143 2347 148 2356 ,
211 2309 278 2358 qnae
296 2293 398 2357 quidem
414 2293 462 2342 sub
479 2309 572 2345 aensrrs
587 2295 691 2361 cadunt,

211 2361 291 2413 modo
311 2362 361 2423 sic,
389 2360 469 2411 modo
490 2363 565 2413 aliter
583 2378 687 2429 compa

212 2438 317 2481 rataei
320 2430 439 2492 identat,
463 2444 541 2494 qnam
571 2430 629 2482 idea
648 2449 692 2482 ae-

212 2499 357 2562 qualitatis,
381 2513 457 2562 quam
483 2498 507 2547 in
526 2499 610 2548 animo
629 2515 692 2552 con-

189 2603 192 2621 .
212 2567 337 2631 signatam
357 2565 497 2627 habemus,
526 2582 629 2632 semper
648 2584 692 2618 ea-

181 2682 184 2688 ,
213 2634 273 2683 dem
296 2640 398 2683 maneat
420 2649 467 2683 nec
499 2635 575 2683 uitam
601 2636 693 2686 snbcat

212 2699 438 2751 ¹vicissitudinem?
465 2700 631 2752 Manifestum
650 2717 691 2752 ar-

212 2770 304 2828 bitror,
323 2767 386 2818 haec
397 2782 518 2831 quorsum
539 2771 692 2834 pertineant.

211 2835 315 2888 Etenim
336 2835 413 2886 docet
424 2835 548 2891 Socrates
568 2839 633 2888 inter
651 2855 693 2888 res

213 2906 261 2957 surb
289 2920 382 2956 sensns
414 2904 536 2956 cadentes
575 2913 601 2957 et
627 2908 693 2957 inter

213 2989 299 3026 eartrm
329 2974 426 3024 formas
448 2974 472 3023 in
496 2975 587 3024 animis
606 2976 692 3025 consi-

212 3049 303 3105 gnatas
328 3042 376 3093 troc
400 3041 552 3092 discriminis
580 3042 692 3094 interce-

212 3112 289 3173 dere,
316 3110 384 3174 quod
404 3110 462 3160 ittae
481 3127 531 3161 non
551 3113 692 3175 praebeant

211 3187 308 3230 certam
327 3195 375 3230 cnrr
359 3180 509 3242 uitionem,
528 3179 575 3230 hae
593 3188 690 3244 autem,

211 3251 328 3307 atquae
362 3261 466 3308 semper
497 3246 603 3296 eaedem
635 3263 689 3297 ma-

211 3317 289 3360 neant
314 3327 362 3360 nec
393 3326 503 3374 unquam
530 3314 580 3362 aiio
612 3320 689 3377 atque

211 3378 262 3427 aiio
282 3376 360 3428 modo
387 3384 589 3460 cognoscantur,
617 3397 688 3431 sum

212 3460 279 3496 mam
310 3445 420 3495 afferant
446 3447 599 3510 cognitionis
626 3464 689 3498 con-

212 3514 339 3564 stantiam.
377 3512 403 3562 Ιιι
427 3527 477 3577 qna
500 3513 603 3578 quidem
625 3531 684 3566 sen·

210 3580 306 3634 tentiae
321 3580 420 3633 ratione
433 3582 520 3633 nescio
532 3597 578 3634 cur
591 3583 690 3634 Heia·

211 3649 294 3703 nort.
313 3650 379 3702 adeo
401 3649 524 3712 haeserit,
555 3656 584 3700 ut
605 3666 688 3715 aeque

210 3718 280 3770 istud
298 3720 418 3782 patiarne
441 3716 497 3769 huic
516 3720 574 3770 ioco
593 3735 688 3771 corrne-

209 3787 264 3838 nire
289 3785 396 3848 dixerit,
426 3801 509 3851 neque
533 3789 688 3851 reliquorum

208 3855 346 3908 verborum
359 3855 410 3905 vim
429 3859 456 3905 et
474 3855 686 3919 significationem

208 3925 323 3990 potuerit
353 3922 507 3991 perspicere.
551 3923 616 3975 Nam
642 3926 687 3975 ilio

208 3993 343 4058 φαιιιιιιι,
366 4007 414 4059 pro
438 4005 491 4056 quo
510 3991 686 4043 Heindorf.

207 4059 278 4112 tonsi
293 4061 450 4128 requirebat,
468 4059 526 4113 nnn
541 4062 627 4128 aptius
646 4065 687 4111 est

745 1757 769 1806 in
789 1771 820 1805 co
839 1757 913 1814 loeo,
935 1753 960 1803 in
979 1766 1030 1816 quo
1049 1749 1082 1801 de
1099 1749 1220 1802 sensnum

745 1822 838 1874 iudicio
874 1822 966 1885 agitur.
1020 1818 1100 1872 Quod
1135 1825 1221 1870 autem

745 1892 814 1943 idem
834 1891 872 1941 vir
890 1891 983 1941 doctus
1000 1894 1062 1953 post
1077 1888 1156 1936 ἐνίοτε
1175 1903 1221 1952 pa-

745 1976 802 2010 rum
822 1965 883 2024 apte
901 1957 986 2008 interd
1005 1957 1041 2007 ait
1058 1959 1117 2005 rori
1134 1959 1221 2022 μιν-

745 2032 802 2077 rori
826 2028 869 2089 δέ,
896 2025 1019 2090 adeoque
1036 2025 1090 2075 eins
1109 2025 1166 2074 ioco
1184 2028 1220 2090 τῷ

742 2098 790 2158 μέν
808 2121 842 2131 -
860 2099 895 2142 τῶ
920 2094 950 2143 dt
964 2092 1141 2157 reponendum
1160 2108 1221 2143 cen-

744 2169 798 2223 set,
832 2160 880 2210 troc
910 2167 950 2210 cst
978 2175 1036 2209 eam
1074 2161 1220 2222 lectionem,

743 2244 809 2293 quae
834 2242 916 2290 neque
941 2229 1080 2276 martorum
1101 2227 1221 2279 codicum

743 2295 901 2346 auctoritate
919 2292 1124 2356 commendatur,
1144 2302 1170 2345 et
1189 2312 1221 2347 eu

744 2362 928 2428 intempestiva
957 2362 1118 2412 correctione
1148 2365 1222 2414 scioii

744 2432 849 2482 alicuius
869 2429 993 2492 originem
1015 2426 1096 2490 duxit,
1114 2429 1138 2478 id
1158 2446 1220 2482 vero

744 2506 784 2550 est
804 2497 946 2560 eiusmodi,
966 2503 994 2546 nt
1013 2511 1095 2560 neque
1114 2512 1220 2550 causam

744 2567 837 2618 habeat
851 2565 913 2616 satis
923 2563 1052 2624 idoneam,
1072 2569 1098 2614 et
1115 2571 1220 2616 senten-

744 2635 796 2685 tiae
820 2633 944 2684 rationem
975 2631 1090 2682 funditus
1113 2640 1220 2686 evertat.

743 2703 808 2754 Nam
828 2707 898 2764 recte
923 2701 971 2751 dici
991 2699 1120 2766 potuisse:
1139 2703 1220 2752 ἐνίοτε

747 2799 770 2806 -
802 2772 862 2818 rori
884 2770 929 2832 μέν
948 2795 979 2806 -
998 2768 1056 2816 sort
1084 2768 1124 2831 δι’,
1148 2771 1219 2820 cudi-

743 2838 803 2898 bet,
829 2837 933 2904 opinor,
959 2835 1094 2901 apparebit
1118 2853 1150 2886 ex
1172 2837 1219 2888 trac

744 2908 882 2956 verborum
911 2904 1137 2970 interpretatione:
1164 2921 1218 2955 an-

742 2990 802 3025 non
830 2974 996 3024 interdum
1021 2972 1164 3036 accidit,
1186 2979 1220 3024 ut

742 3044 877 3108 iapides
901 3049 934 3093 et
965 3042 1051 3105 ligna
1078 3041 1142 3090 sibi
1168 3058 1219 3092 ae-

742 3112 866 3175 qualia,
896 3125 1077 3175 quanquam
1106 3109 1217 3160 eadem

741 3185 833 3243 sunt,
852 3186 957 3231 tumen
979 3177 1073 3227 modo
1096 3193 1218 3239 nequa-

742 3248 799 3310 iia,
833 3247 924 3298 modo
952 3244 1143 3308 inaequalia
1176 3244 1217 3293 vi·
1265 3295 1271 3301 ,

740 3284 890 3372 dedntur‚
937 3311 961 3364 Ιι
999 3327 1045 3368 e.
1065 3311 1217 3362 serisibns

740 3379 945 3446 appareant?
981 3379 1097 3442 Denique
1116 3378 1164 3427 ista
1183 3384 1218 3427 aa

739 3451 838 3514 μέι-
803 3453 890 3497 -τιῦ
909 3447 951 3509 δέ,
983 3446 1025 3495 ubi
1045 3445 1106 3494 ad''
1096 3465 1139 3494 ιιιιι
1158 3429 1217 3498 ctldl

739 3475 918 3568 Heindorf.
943 3513 1075 3593 retuteriq,
1105 3515 1147 3565 vix
1172 3514 1217 3565 ha-

739 3585 836 3636 bebunt
861 3586 938 3635 ultam
962 3580 1118 3631 accessionis
1137 3597 1216 3633 excu-

739 3654 881 3714 sationem,
916 3648 1125 3712 qnandoquidem
1150 3665 1218 3702 nunc

739 3735 789 3771 non
808 3721 892 3786 agitur
917 3717 950 3767 de
969 3717 1216 3783 nominationibus,

738 3788 829 3854 quibus
847 3783 1050 3848 auaeademqne
1067 3800 1109 3836 res
1129 3792 1155 3837 et
1170 3803 1217 3838 ae·

737 3857 822 3921 quatis
841 3861 868 3906 ct
886 3853 1025 3918 inaequalis
1040 3853 1136 3920 percipi
1154 3871 1217 3937 pos·

737 3925 786 3987 sit,
812 3922 859 3975 sed
885 3921 1037 3987 simpticiter
1068 3925 1216 3989 exponitur,

737 3991 855 4057 quaesit
874 4005 960 4042 rernm
972 4005 1155 4057 corporearum
1175 3998 1215 4044 at-

738 4073 790 4125 que
808 4060 923 4114 idearum
942 4065 1028 4112 mente
1045 4060 1213 4128 comprehen-
