2604 4620
374 269 622 364 Arnnuuo.
644 292 674 352 p.
699 273 770 330 roo.
795 272 840 334 st.

1051 273 1114 335 let

98 445 227 530 σχῆμα,
254 437 274 523 ἢ
301 438 384 511 ἄλλο
405 439 527 543 Ιὁμσῦρ
552 443 619 510 τῶν
651 439 828 524 τοιούτων,
862 441 906 510 sd
939 447 1001 528 μὲν
1024 439 1112 511 ἄλλα

95 549 221 629 χαίρειν
252 545 310 622 ἐῶ,
329 526 562 627 ’ἶῖρίίτῖιίμιῖί
588 539 653 630 μὰρ
696 551 732 612 ἐν
770 555 843 624 τοῖς
874 540 1004 661 dil-pnes
1018 546 1111 624 πᾶσι,

98 647 197 711 τοῦτο
234 646 268 709 δὲ
302 641 416 720 ἁπλῶς
450 646 505 708 καὶ
542 640 685 730 ἀτέχνως
711 649 767 713 καὶ
792 628 1028 726 ίσωςωεῖίηιῗίῶξ
1053 650 1119 731 ἐμω.

98 742 181 831 παρ’
221 747 371 828 ἐμαυτῷ,
407 739 461 810 ὅτι
488 740 657 813 sindilla
684 771 717 813 τι
742 757 829 812 ποιεῖ
853 743 937 812 αὐτὸ
963 741 1066 812 καλὸν
1090 740 1112 827 ἢ

97 841 119 925 ἡ
142 849 267 910 ἐκείνου
281 848 344 911 τοῦ
362 846 467 909 καλοῦ
486 843 548 911 ι’ίιε
564 851 731 932 παρουσία
748 844 810 912 είτε
828 850 992 923 κοινωνία,
1018 843 1111 936 [sies]
1142 900 1147 911 ,

42 940 241 1070 ,Νμριμιιέιί
274 947 339 1051 xpi
363 940 453 1021 ὅπως
487 953 746 1033 προςγενομίνη’
783 945 826 1014 οὐ
851 944 916 1032 γὰρ
943 952 988 1013 ἔτι
1010 948 1112 1012 τοῦτο

45 1035 53 1058 's
99 1046 275 1130 διισίρυριζο
302 1072 346 1124 αι,
373 1043 448 1111 ἀλλ’
481 1041 534 1113 ὅτι
560 1049 606 1130 τῷ
632 1050 723 1130 καλῷ
749 1044 863 1113 πάντα
890 1043 933 1113 τὰ
959 1042 1046 1113 καλοὶ
1064 1049 1113 1128 γί-
1174 1066 1177 1072 ’

98 1169 212 1229 μνειαι
237 1142 333 1211 καλαί.
369 1148 471 1213 τοῦτο
493 1143 557 1231 γάρ
590 1172 651 1232 μοι
676 1150 765 1214 δοκεῖ
789 1145 1046 1239 ἀσφαλέστατον
1069 1143 1114 1213 εί·
1167 1176 1170 1182 ’

99 1271 155 1311 ναι
181 1247 235 1310 καί
262 1248 393 1331 ἐμαυτῷ
416 1242 673 1336 ἀποκρίνασθαι
698 1251 754 1314 καὶ
780 1244 881 1333 disp,
908 1245 1112 1315 καὶτούτων

164 1511 219 1560 καί
242 1508 329 1570 ὅπως
349 1510 611 1578 προςμενομίνη]
636 1511 711 1564 Vind.
736 1517 767 1563 Φ.
796 1511 855 1566 Pur.
883 1511 913 1562 C.
934 1514 1022 1565 drrrbr.
1041 1512 1113 1564 Flor·
1152 1542 1154 1547 ·

97 1595 121 1629 u.
141 1596 162 1629 c.
182 1596 216 1629 m.
233 1584 433 1644 προςγιγνυμίνη
452 1581 509 1631 Vst.
530 1580 600 1630 Flor.
621 1579 646 1628 d.
671 1579 881 1648 προςμινιίμινον.
918 1583 1015 1634 Deinde
1032 1582 1115 1648 μίμνε-

96 1667 141 1696 rna
161 1648 186 1697 in
205 1648 292 1697 multis
311 1650 381 1698 liliris
400 1647 484 1698 deest.

166 1713 425 1780 ἀποκρίνασθαι
448 1713 502 1764 καὶ
526 1712 626 1780 ἄλλῳ]
651 1713 732 1768 Coisl,
756 1717 818 1767 Ven.
837 1717 871 1766 Λ.
891 1718 952 1771 Pur,
971 1717 1114 1769 CEHIL.

99 1783 171 1833 l'lor.
191 1798 214 1834 n.
233 1783 259 1833 b.
275 1798 297 1832 c.
315 1799 349 1833 m.
371 1784 438 1848 Aug.
456 1781 664 1850 ἀποκρίνεσθαι,
683 1784 754 1847 quod
776 1784 855 1836 edidit
873 1786 985 1838 Beller.

97 1978 129 1992 ··
152 1953 210 2007 132.
235 1971 259 2019 p·
281 1951 341 2004 133.
359 1952 390 2001 D.
428 1953 518 2015 linque
537 1951 585 2003 ltoc
636 1949 703 2002 σισῖ·
731 1952 752 2001 sl
768 1952 795 2002 «ll
812 1952 980 2012 κοινωνία,
1001 1953 1073 2002 lusus
1091 1971 1117 2003 u

99 2025 157 2074 loco
178 2023 240 2072 dicit
258 2024 417 2071 ίιιείινιυτοῦ
436 2023 515 2072 καλοῦ
534 2023 584 2071 stre
636 2021 679 2070 καὶ
701 2020 764 2069 ‹ltto
789 2020 840 2085 πρὸ
867 2019 964 2083 αὐτῶν,
990 2014 1021 2070 οὖ
1043 2025 1117 2087 κοινῇ

97 2093 228 2155 παρουσία
243 2092 426 2140 είιεκοιιωνία.
445 2090 498 2140 Sed
512 2089 583 2155 quod
635 2096 720 2139 ταῦτα
738 2090 890 2154 μετείληφε,
910 2089 953 2139 καί
971 2095 1053 2140 τοῦτο
1072 2087 1114 2138 ἐπ’

98 2162 215 2225 sequitur
250 2163 302 2213 ι’ίιε
330 2187 357 2197 —-
386 2164 583 2223 προςμεισμίνη,
633 2159 753 2226 ἄπειρον.
778 2158 794 2222 ἢ
821 2157 860 2223 πῂ
877 2160 934 2208 καὶ
952 2158 1013 2216 πὼς
1031 2156 1116 2209 ἑκάτε-

98 2230 122 2278 id
151 2228 312 2279 manifestam
344 2229 459 2292 suscepit
489 2228 581 2278 labem.

98 2297 181 2347 Codd.
220 2296 278 2347 nillil
315 2297 425 2359 sariunt,
466 2301 583 2361 prseter-

97 2381 174 2430 quum
192 2365 260 2430 quod
284 2365 358 2430 pauci
382 2362 584 2430 πρσςμιιιίμενσν

100 2436 140 2486 rel
162 2438 346 2502 προςμωσμίνη
376 2433 504 2486 exhibent.
547 2435 584 2484 Ut

98 2503 188 2568 paucis
213 2503 295 2553 dicum
320 2501 389 2566 quod
414 2502 513 2564 sentio,
538 2508 583 2552 sut

98 2574 147 2621 εἴτε
173 2577 232 2622 unte
258 2569 311 2638 ὅπῃ
334 2571 487 2634 delendum,
513 2571 583 2635 quod

97 2639 352 2705 pincuitDuelmio
372 2655 431 2690 meo
445 2639 490 2689 De
509 2640 585 2704 utiq.

97 2709 187 2759 locis
207 2708 308 2759 Pluton.
328 2725 353 2774 p.
370 2708 411 2761 18.
431 2714 477 2758 urit
495 2708 584 2773 legen·

99 2777 158 2826 dnm
196 2783 236 2827 est
267 2779 522 2844 προςαμιιριυομίνη,
559 2777 584 2826 in

98 2860 175 2908 qurum
203 2846 374 2909 suspicionem
400 2845 476 2896 video
500 2844 584 2910 wyt-

99 2913 314 2962 tenbaclrium
347 2912 482 2975 incidisse3
513 2913 583 2978 quod

98 2981 141 3030 nbi
166 2981 331 3045 probaveris,
363 2983 516 3031 sententium
540 2981 585 3032 lm·

99 3049 174 3099 bebis
190 3047 350 3112 expeditam,
369 3049 520 3113 simplicem,
539 3065 585 3100 ve-

100 3133 162 3166 rum.
206 3116 256 3165 Est
285 3121 371 3165 erstem
396 3113 471 3166 lluecr
503 3115 585 3167 nihil

100 3184 189 3235 uliud
221 3182 366 3234 reddere
398 3183 484 3234 illud
518 3185 586 3249 pul·

100 3268 207 3315 crum,
232 3251 299 3301 nisi
325 3251 435 3317 ipsius
459 3252 585 3317 pulcri-

99 3321 229 3374 tudinis
248 3322 319 3370 sive
333 3320 530 3391 praeseptis
544 3321 584 3370 si-

99 3405 138 3439 ve
173 3390 362 3439 commuuio
400 3389 472 3440 sive
507 3404 585 3454 quo-

99 3473 229 3523 cunque
247 3458 315 3508 ulio
334 3458 585 3524 nominesppel-

99 3527 203 3589 letur,
226 3528 280 3577 vel
300 3526 372 3578 sive
398 3525 586 3577 communio

99 3609 301 3659 quocunque
326 3594 453 3646 demum
481 3595 585 3646 rutio-

99 3677 137 3712 ne
161 3663 297 3715 ellectu.
339 3663 476 3728 Loquendi
503 3679 585 3726 genus

99 3729 178 3782 docte
201 3731 340 3783 illustravit
364 3732 396 3782 ud
422 3731 445 3782 h.
464 3734 481 3782 Ι.
500 3731 585 3797 Wyt-

100 3798 258 3853 tenbnh.
303 3801 423 3851 Priorem
458 3801 584 3851 rationem

99 3867 296 3930 quodammodo
331 3869 482 3920 confirment
519 3883 585 3934 quus

100 3936 222 3999 exposuit
249 3936 438 4003 Olympiod.
465 3953 490 4004 p.
524 3937 584 3992 189.

101 4002 141 4052 ed.
169 4001 259 4056 Finit.
285 4005 333 4064 Τίς
356 4006 382 4056 dl
407 4005 505 4071 μετοχὴ
525 4011 584 4064 τοῖς

100 4069 160 4133 τῇδι
178 4075 230 4120 τῶν
244 4078 378 4138 χωριστῶν
395 4075 481 4139 είδῶνς
499 4076 522 4126 εί
537 4078 583 4142 μὲν

98 4157 149 4208 μιιρ
166 4140 345 4208 παρουσία,
366 4140 414 4194 οὐκ
431 4143 487 4194 lon
502 4160 582 4212 χωρι-

634 2246 693 2295 por,
718 2226 760 2275 καὶ
782 2229 911 2294 παρουσία
928 2227 971 2276 καὶ
987 2231 1115 2293 κοινωνία,

633 2293 696 2345 κατὰ
708 2294 755 2357 τὴν
767 2297 866 2345 ἐκεῖθεν
880 2299 993 2361 μέθεξιν.
1017 2298 1117 2352 Quam-

633 2379 710 2429 quam
729 2364 796 2415 idem
811 2382 836 2430 p.
849 2365 905 2417 148.
917 2373 1032 2426 veterem
1051 2366 1117 2416 scri-

634 2440 733 2498 pturum
752 2437 847 2484 tuetur.
881 2433 921 2484 Ne
939 2450 1001 2484 vero
1015 2434 1117 2485 mireris

633 2500 702 2551 istud
722 2498 775 2568 δ’πῃ
793 2501 836 2550 καὶ
854 2499 924 2560 ὅπως
942 2503 1118 2565 coniunctum,

634 2569 711 2621 liuius
735 2571 874 2632 locutionis
900 2574 1019 2635 exempla
1038 2571 1119 2622 colle-

634 2639 673 2703 git
701 2639 878 2690 lscobsius
909 2639 941 2690 ud
968 2639 1118 2692 Philostrati

634 2707 732 2773 lmsgg.
750 2723 776 2774 p.
796 2706 855 2760 635.
879 2709 973 2774 quibus
993 2708 1060 2760 adds
1078 2709 1117 2759 ne

634 2776 703 2842 Rep.
733 2792 758 2842 p.
789 2775 849 2830 612.
879 2779 910 2827 A.
942 2793 957 2843 p
999 2776 1057 2831 621.
1084 2775 1117 2828 B.

634 2844 718 2908 Legg·
739 2848 773 2894 X.
793 2862 818 2911 p.
831 2844 892 2899 899.
913 2846 942 2894 Α.
963 2845 993 2896 B.
1012 2846 1071 2895 ΧΗ.
1091 2860 1117 2908 p.

635 2913 695 2966 966.
715 2913 746 2963 Α.
781 2913 873 2964 Simile
892 2918 933 2962 est
952 2913 1021 2975 quod
1040 2927 1119 2976 suprs

637 2980 747 3045 legimus
765 2979 868 3044 οὐδαμῇ
886 2979 1018 3044 οὐδαμῶς,
1037 2997 1062 3045 p·
1075 2980 1118 3032 78·

636 3049 668 3098 D.
687 3045 754 3099 coni.
773 3047 805 3096 ud
824 3047 889 3098 Plul.
906 3065 931 3112 p.
951 3046 992 3099 60.
1010 3047 1041 3096 C.

672 3112 707 3163 οὗ
727 3112 786 3178 γὰρ
804 3115 853 3164 ἔτι
870 3121 970 3164 τοῦτο
988 3113 1029 3180 d]
1048 3130 1119 3168 num

636 3197 795 3246 quaenam
825 3184 917 3233 ratio
945 3184 1033 3234 inter
1064 3198 1119 3236 res

637 3251 829 3316 singulares
850 3267 1029 3316 eurumque
1048 3269 1120 3319 spe-

635 3321 706 3370 cies
730 3326 885 3372 aeternus
907 3321 1119 3388 intercedet,

635 3388 668 3439 id
687 3388 829 3440 nondum
848 3397 947 3441 nerto
965 3389 1118 3447 dixerim.

636 3457 811 3510 Aristotel.
830 3459 896 3510 Met.
913 3459 932 3510 l.
952 3457 976 3511 6.
994 3459 1042 3522 τὴν
1058 3464 1120 3527 μίν-

636 3543 678 3575 τοι
699 3544 728 3591 με
754 3527 875 3592 μίθεξιν,
892 3553 926 3563 -
945 3526 1002 3592 ἥτις
1020 3529 1052 3579 ἂν
1071 3532 1118 3595 sip,

636 3599 685 3644 τῶν
703 3595 786 3656 εἰδῶν,
811 3595 919 3662 ἀφεῖσαν
936 3598 963 3645 ἐν
980 3605 1056 3667 κοινῷ
1074 3598 1119 3660 ζη-

636 3669 700 3713 τεῖν.
734 3665 850 3730 colligas
874 3681 906 3717 es
924 3665 973 3717 hoc
989 3669 1050 3718 loco
1068 3680 1119 3716 nos

636 3731 692 3782 sine
733 3734 820 3798 aliqua
862 3734 916 3786 veri
952 3732 1119 3784 similitudine

635 3800 789 3865 Plutonem,
811 3817 863 3866 qno
888 3810 1008 3866 temporo
1030 3798 1117 3850 Phue-

636 3867 729 3922 donem
748 3871 866 3935 scripsit,
895 3867 1008 3919 nondum
1033 3866 1060 3916 iu
1079 3866 1118 3916 lu-

635 3953 693 3990 cem
727 3939 844 3989 emisisse
869 3932 1063 3996 Parmeniden,
1091 3933 1119 3984 iu

634 4023 686 4072 quo
716 4007 782 4057 libro
813 4006 846 4055 de
875 4001 1027 4068 gravissimo
1059 4002 1119 4054 looo

634 4074 803 4125 subtilissime
820 4071 968 4136 disputavit.

667 4140 723 4190 καί
750 4137 878 4190 τούτου
901 4135 1062 4207 ίχίμινος
1085 4157 1119 4181 ι*
