2604 4620
491 1103 819 1183 PRAEFATIO

361 1243 958 1471 PHAEssDONEM.

556 1602 749 1613 —n--—-—

205 1733 355 1813 Phaedo,
370 1738 549 1834 discipulus
565 1736 721 1812 Socratis,
736 1737 920 1882 ffipcstea
934 1735 1061 1803 scholae
1121 1738 1129 1754 ⁹
1152 1774 1168 1791 ·

147 1841 204 1886 cae
225 1831 338 1887 auctor
359 1819 495 1895 exstitit,
515 1818 735 1883 EchecratiP
771 1819 778 1834 '
802 1819 861 1894 sio,
884 1819 991 1900 quiet
1013 1821 1084 1904 ipse
1108 1820 1171 1885 fuit

148 1901 448 1977 Socraticaedisci
472 1902 556 1966 linae
583 1901 747 1979 alumnus,
773 1901 807 1966 in
832 1901 893 1966 hoc
917 1900 999 1967 libro
1023 1925 1056 1967 m
1101 1902 1171 1968 'stri

147 1987 274 2052 obitum
294 1997 437 2071 tempore
449 1925 531 2051 ltelli
552 1981 751 2072 corinthii&
772 1984 935 2064 Phliunte,
965 1984 1045 2052 urbe
1093 1986 1169 2054 che·

148 2071 247 2137 cratis
265 2071 381 2157 patria,
403 2070 460 2135 ubi
479 2070 599 2156 hospes
618 2069 746 2135 videtur
763 2070 864 2137 firisse
880 2081 1106 2150 commoratus,
1120 2071 1168 2139 ita

147 2165 273 2234 narrat,
296 2165 333 2220 ut
353 2155 431 2239 quid
451 2155 504 2221 ille
526 2164 670 2220 extremo
690 2155 775 2221 vitae
795 2154 847 2221 die
869 2179 942 2221 cum
956 2156 1086 2234 amicis,
1109 2156 1167 2242 qui

145 2261 219 2304 eum
238 2239 427 2306 morientem
446 2239 598 2318 viderint,
619 2239 795 2306 collocutus
816 2239 871 2317 sit,
892 2251 924 2306 et
945 2241 1105 2325 quomodo
1127 2263 1165 2307 ec

145 2332 290 2408 tempore
305 2347 339 2390 se
354 2323 503 2410 gesserit,
525 2323 657 2424 egregia
673 2347 747 2389 cum
763 2324 966 2410 simplicitate
981 2336 1078 2474 angue
1092 2325 1165 2410 pie·

145 2416 211 2473 tate
230 2419 382 2492 exponat.
407 2407 608 2474 Convemsse
628 2419 735 2474 autem
755 2408 834 2475 dicit
848 2408 1004 2493 plurimos
1046 2408 1165 2475 ceratis

143 2491 316 2558 familiares
331 2503 363 2558 et
377 2493 498 2558 amicos
512 2492 545 2556 in
560 2493 749 2572 custodiam,
763 2493 797 2559 in
813 2516 878 2578 qua
896 2493 1034 2560 vinculis
1048 2502 1164 2578 captus

142 2575 254 2655 fuerit,
295 2600 373 2642 uum
393 2577 465 2643 aliis
485 2577 614 2655 diebus,
634 2588 763 2644 tumeo
783 2577 850 2656 die,
870 2600 935 2661 quo
954 2578 983 2643 ei
1004 2600 1164 2642 venenum

142 2599 355 2727 hauriendum
369 2661 478 2740 fuerit,
493 2661 594 2739 multo
605 2685 708 2729 mane.
730 2661 874 2729 Audisse
889 2662 974 2728 enim
988 2661 1079 2762 ipsos
1093 2661 1162 2810 pssi-

142 2744 196 2810 die
211 2745 280 2811 eius
295 2746 369 2825 diei,
385 2769 449 2830 quo
464 2769 557 2812 sacra
570 2746 663 2812 navis
678 2770 696 2812 e
710 2745 795 2812 Delo
809 2747 915 2812 insula
929 2747 1078 2823 redisset,
1126 2767 1162 2810 0-

142 2829 224 2894 crati
233 2830 434 2897 moriendum
444 2831 523 2896 fore.
537 2838 651 2915 Itaque
662 2831 817 2915 postridie
828 2831 897 2896 eius
908 2830 982 2909 diei,
994 2852 1059 2916 quo
1070 2828 1162 2895 navis

141 2912 337 2993 revertisset,
358 2938 469 2982 omnes
489 2915 535 2980 ait
549 2914 610 2981 sub
623 2915 732 3013 ipsum
747 2914 912 2980 diliculum
926 2915 969 2978 ad
982 2913 1163 2980 custodiam

142 2999 343 3063 convenisse.
367 2997 479 3078 Quum
497 2999 614 3082 igitur,
635 2998 752 3078 inquit,
774 2997 816 3059 ad
830 3019 992 3061 carcerem
1005 2997 1162 3061 accessis-

143 3100 264 3156 semus,
278 3079 406 3155 ianitor,
422 3077 705 3176 quiforesaperire
714 3077 849 3154 solebat,
862 3099 923 3141 nos
930 3076 1163 3162 aliquantisper

139 3162 220 3228 foris
234 3162 424 3228 commorari
436 3160 547 3238 iussit,
569 3182 668 3244 quum
683 3158 893 3225 undecimviri
908 3160 1061 3246 capitales
1074 3183 1162 3228 nunc

138 3248 151 3312 i
179 3271 250 3313 sum
273 3243 440 3312 Socratem
455 3243 591 3311 vinculis
604 3243 778 3310 liberarent
793 3244 886 3329 eique
901 3244 1087 3311 nuntiarent
1100 3241 1159 3312 ho·

163 3333 192 3396 'e
205 3331 270 3416 ipsi
284 3330 485 3396 moriendum
497 3330 576 3394 fore.
598 3328 712 3394 Paullo
731 3339 807 3414 post
819 3352 969 3397 reversus
983 3353 1043 3397 nos
1056 3328 1158 3396 intro·

137 3416 236 3483 misit.
258 3414 481 3502 Ingredientes
500 3424 609 3479 autem
623 3412 657 3478 in
672 3414 850 3480 custodiam
863 3411 1029 3481 Socratem
1041 3414 1157 3501 depre-

136 3501 308 3567 hendimus
329 3500 424 3565 modo
438 3523 479 3565 ex
494 3497 632 3565 vinculis
648 3498 797 3578 solutum,
818 3510 914 3584 atque
928 3499 1080 3585 Xanthip
1104 3523 1157 3578 en,

136 3586 208 3652 eius
221 3608 366 3661 uxorem,
381 3607 455 3652 oum
468 3582 590 3648 infante
603 3605 705 3669 prope
720 3607 793 3650 eum
808 3584 1038 3659 considentem.
1095 3607 1157 3650 uae

136 3669 194 3735 ubi
214 3692 276 3735 nos
293 3667 474 3753 conspexit,
493 3677 530 3732 ut
549 3667 653 3734 solent
672 3668 888 3748 mulierculae,
909 3670 1046 3736 multum
1058 3666 1155 3736 lacri-

185 3949 212 4014 *)
230 3951 264 4006 V.
283 3965 342 4002 ann.
361 3951 395 4000 ad
412 3966 438 4016 p.
454 3953 494 4001 57.
513 3953 543 4002 Β.
